2241 3318
86 630 138 665 ‘1'0

83 1118 139 1156 '20

44 1624 136 1659 ,30

92 2590 137 2640 ςό

89 3088 136 3126 ὅο

925 142 977 186 ’K
1013 143 1039 174 ο
1087 139 1140 187 R
1175 144 1208 176 V
1254 145 1289 178 s.
1849 147 1926 187 v269

176 209 275 245 tribus
285 205 645 256 pedibuslongitudinis
656 207 791 243 laterum
800 229 810 244 ‚
822 208 854 242 &
874 219 1017 256 quatuor
1032 206 1188 252 efficiunt3
1200 224 1289 259 aeque
1299 210 1425 248 tantum
1445 225 1616 248 numerum
1635 210 1740 248 reddit
1760 225 1860 247 unum
1880 226 1919 248 ex

173 260 315 304 quinque
332 254 526 302 descriptum
537 282 547 292 .
576 257 613 305 Id
624 256 821 304 Pythagoras
832 269 906 290 cum
917 256 1098 296 inuenisset,
1108 270 1176 293 non
1189 261 1338 295 dubitans
1349 274 1364 295 a
1375 261 1469 296 musis
1481 262 1510 297 se
1528 263 1560 297 in
1571 275 1605 296 ea
1615 263 1805 296 inuentione
1815 263 1924 296 moni-

172 317 241 342 tum
251 327 261 344 ‚
277 306 429 340 maximas
439 306 554 353 gratias
565 303 795 352 agens‚hostias
804 304 922 339 dicitur
931 307 969 350 ijs
978 305 1201 342 immolauisse.
1215 309 1260 343 Ea
1271 320 1378 344 autem
1393 311 1476 344 ratio
1486 311 1762 357 quemadmodum
1771 310 1804 344 in
1814 311 1924 344 multis

169 354 276 392 rebus,
286 357 318 388 &
328 352 480 388 mensuris
490 353 534 389 est
545 353 740 392 utilis‚etiam
751 352 781 386 in
793 351 936 399 aedificijs
947 353 1098 389 scalarum
1109 354 1378 392 aedificationibus
1392 359 1436 392 uti
1449 370 1639 405 temperatas
1649 354 1785 393 habeant
1794 359 1921 405 gradun}

168 403 368 441 libraiones,
378 401 423 436 est
432 402 590 449 expedita.
601 403 633 436 Si
643 402 729 436 enim
742 401 881 436 altitudo
894 403 1151 450 contignationis
1161 404 1200 439 ab
1210 405 1331 439 summa
1348 407 1537 441 coaxatione
1553 411 1591 441 ad
1601 408 1702 442 imum
1715 408 1924 445 libraments1,

167 450 267 487 diuisa
280 449 416 486 fueritin
431 462 535 497 partes
549 459 624 490 tres,
636 451 697 484 erit
709 461 816 484 earum
832 451 977 498 quinque
989 452 1022 485 in
1033 451 1124 486 scalis
1143 450 1309 501 scaporum
1319 453 1397 488 iusta
1420 455 1625 502 longitudine
1640 457 1817 490 inclinatio·
1830 456 1922 490 Nam

168 513 265 547 quam
277 512 392 547 magne
401 498 521 535 fuerint
531 499 613 542 integr
625 499 906 545 contignationem
919 500 1062 534 &imum
1072 500 1300 536 libramentum
1310 503 1487 539 altitudinis
1500 514 1604 550 partes
1615 514 1854 551 tres‚quatuora
1866 515 1923 551 per

166 549 342 595 pendiculo
353 547 514 586 recedant,
525 551 556 581 &
568 547 612 581 ibi
622 547 825 581 collocentur
835 547 1004 583 interiores
1014 549 1115 583 calces
1126 548 1309 596 scaporum.
1322 554 1369 585 Ita
1378 552 1466 586 enim
1474 564 1568 587 erunt
1579 563 1761 599 temperata:
1779 552 1922 600 gradufi,

109 615 117 621 ·
166 588 346 644 &ipsarum
355 594 506 631 scalarum
517 596 766 630 collocationes:
795 599 876 630 Item
887 597 953 631 eius
963 597 1007 631 rei
1023 598 1083 631 erit
1094 595 1267 645 subscripta
1286 597 1405 635 forma.

214 651 343 694 NJrmae
351 646 550 680 inuentione'm
559 667 570 683 ‚
582 650 624 685 ά·
632 643 797 679 utilitatem
810 647 897 691 ponit
903 645 962 681 hoc
981 645 1047 681 loco
1058 649 1132 681 Vitr
1141 671 1150 681 .
1177 651 1334 695 Qrmam
1353 650 1553 697 ‘Pythagoras
1561 652 1672 686 inuenit
1680 674 1692 690 ,
1702 652 1801 687 Graece*
1809 650 1924 689 γνώμων

166 704 308 733 uocatur,
316 694 354 737 esl
361 702 464 728 autem
473 694 704 728 instrumentum
715 695 756 728 ad
762 695 924 739 exigendos
932 694 1058 741 angulos
1066 698 1326 732 accommodatum
1335 720 1346 736 ,
1354 699 1385 732 in
1395 711 1456 746 qua
1466 701 1638 735 inuentione
1645 700 1810 742 artificibus
1817 699 1919 734 excel-

166 743 296 780 lentibus
311 742 413 779 multis
420 742 620 790 'Pythagoras
626 741 872 790 praeslantiorfuit
883 768 892 777 .
906 743 1032 789 efficitur
1040 752 1141 778 autem
1163 756 1203 780 ex
1214 747 1417 792 compallione
1428 750 1519 783 trium
1537 747 1708 793 regularum
1717 752 1746 783 in
1754 749 1919 794 trigonifor

167 805 257 832 mam,
268 803 394 840 quarum
402 803 460 826 una
470 789 567 826 trihus
575 813 585 829 ‚
594 791 694 826 altera
704 800 836 839 quatuor
845 815 854 830 ,
864 794 956 826 tertia
964 790 1183 840 quaesicbtendit
1191 794 1478 844 angulum,quinqne
1485 795 1625 844 partibus
1637 799 1755 833 constet
1765 823 1774 832 .
1800 796 1919 845 Qodsi

167 840 304 891 qualibet
313 840 415 887 regula
419 849 476 888 pro
486 839 581 875 latere
589 842 731 888 quadrati
731 840 871 883 sumatur
878 863 889 878 ‚
898 843 1079 888 quadratum
1087 841 1158 877 illud
1165 865 1175 881 ,
1184 845 1265 891 quod
1272 842 1354 878 latus
1370 843 1495 879 habebit
1504 858 1544 880 ex
1553 846 1658 891 regula
1665 849 1759 882 trium
1764 848 1898 894 partium
1907 865 1921 882 t

167 902 270 926 nouem
277 888 417 938 partibus
424 887 579 930 conflabit.
604 890 696 935 Qod
703 901 774 923 uero
782 888 863 923 latus
873 887 998 925 habebit
1008 902 1049 925 ex
1056 889 1161 936 regula
1170 900 1303 939 quatuor
1308 895 1453 938 partium,
1456 893 1607 936 sexdecim
1613 894 1754 942 partibus
1762 892 1919 936 conflabit.

166 941 300 986 Denique
308 940 488 986 quadratum
497 937 603 983 regula
611 940 739 986 quinque
745 939 879 984 partium
887 949 922 971 co
926 937 1034 981 nstans,
1066 949 1082 971 z
1092 949 1121 982 ς.
1144 949 1251 987 partes
1260 940 1397 976 habebit.
1403 951 1510 990 partes
1518 952 1619 978 autem
1628 944 1682 978 illae
1691 952 1746 979 aut
1753 945 1843 992 pedes
1845 941 1923 986 sint,

166 997 221 1023 aut
228 988 289 1022 alia
299 987 433 1031 mensura
444 985 563 1029 conflet,
575 988 662 1022 modo
671 985 951 1034 aequalesfintJllud
960 987 1030 1023 uero
1042 990 1151 1023 mirum
1161 987 1200 1030 est
1208 1012 1218 1027 ‚
1230 995 1272 1029 &
1279 992 1319 1024 ad
1326 991 1423 1025 multa
1433 991 1622 1037 utilzffimum‚
1632 994 1712 1040 quod
1719 1001 1839 1027 tantum
1846 1002 1924 1025 arete

167 1035 334 1072 continebit
354 1037 535 1084 quadratum
552 1035 685 1077 constans
702 1047 743 1069 ex
760 1035 864 1081 regula
874 1038 1003 1118 quinque
1015 1038 1166 1084 partium,
1177 1047 1323 1084 quantum
1335 1041 1391 1074 duo
1408 1041 1458 1074 illa
1467 1043 1618 1088 quadrata
1627 1041 1720 1086 simul
1730 1041 1829 1076 iuncta
1839 1052 1921 1076 con—

167 1084 317 1120 tinebunt.
333 1094 420 1119 tanta
428 1097 499 1118 uero
507 1082 546 1126 esi
552 1084 654 1130 anguli
661 1084 735 1118 reili
751 1085 795 1117 uis
803 1086 832 1117 in
841 1096 872 1118 re
895 1096 930 1118 us
937 1086 1118 1123 emetiendis,
1129 1087 1160 1120 in
1169 1087 1296 1133 aedificq's
1303 1088 1451 1123 firuendis
1459 1113 1469 1128 ‚
1480 1091 1510 1123 in
1518 1090 1666 1125 machinis
1673 1091 1877 1129 instituendis„
1887 1091 1918 1123 in

167 1134 254 1169 horol
257 1146 272 1167 o
269 1136 332 1180 gijs
334 1134 513 1177 formandis,
522 1135 552 1166 in
561 1131 696 1168 omnibus
703 1133 828 1180 denique
837 1134 1045 1169 astronomicis
1052 1133 1247 1175 instrumentis
1255 1139 1470 1183 componendis,
1481 1146 1515 1172 ut
1523 1137 1598 1173 nihil
1604 1147 1659 1173 aut
1663 1138 1733 1181 fieri
1742 1161 1752 1176 ‚
1765 1147 1820 1173 aut
1828 1137 1919 1172 intel-

165 1182 221 1229 ligi
225 1184 314 1230 possit
325 1181 390 1226 fine
398 1183 471 1216 ret'ii
486 1181 587 1228 anguli
605 1182 655 1226 ufic
663 1205 673 1220 ‚
685 1187 727 1221 (φ
744 1183 858 1216 ratione
869 1207 878 1216 .
915 1182 1190 1228 Excellentiffimum
1206 1186 1298 1230 igitur
1305 1188 1434 1220 omnium
1450 1184 1673 1227 instrumentum
1688 1198 1822 1222 normam
1840 1186 1922 1222 ret't'e

166 1233 292 1269 dixeris,
303 1233 386 1265 cuius
394 1243 428 1265 ea
438 1242 556 1278 quoque
563 1231 756 1265 commoditas
771 1229 809 1272 esi
816 1242 836 1266 a
846 1237 876 1266 V
876 1233 928 1265 itr.
946 1230 1106 1274 obseruata
1117 1254 1128 1270 ,
1137 1241 1172 1267 ut
1173 1232 1325 1275 scalarum
1335 1234 1476 1280 dispositio
1486 1236 1526 1269 ad
1542 1247 1650 1270 norma
1658 1237 1792 1280 formam
1810 1237 1922 1284 optime

166 1288 349 1328 temperetur
357 1305 365 1314 .
395 1286 468 1315 Cum
480 1291 551 1313 uero
560 1281 596 1314 de
599 1279 689 1323 scalis
694 1281 837 1326 ponendis
846 1279 1020 1317 hac‘ienusa
1032 1279 1117 1315 nobis
1125 1303 1135 1319 ‚
1146 1286 1187 1320 &⁶
1195 1294 1215 1315 a
1225 1284 1308 1317 Vitr.
1318 1282 1394 1316 nihil
1406 1282 1561 1327 diliumfit
1571 1301 1583 1325 ‚·
1595 1297 1642 1318 res
1646 1284 1788 1332 postulat,
1799 1294 1834 1319 ut
1845 1294 1922 1318 non-

168 1330 249 1364 nulla
259 1330 400 1368 dicamus,
413 1340 474 1376 qua
483 1329 522 1362 ad
531 1339 593 1362 rem
596 1328 718 1373 faciant
730 1353 739 1362 .
766 1335 800 1364 ln
803 1327 958 1371 scalarum
976 1329 1171 1364 collocatione
1177 1331 1318 1365 iudicium
1327 1353 1337 1369 ,
1348 1336 1390 1370 &
1409 1335 1595 1378 experientia
1612 1335 1774 1380 requiritur
1783 1358 1792 1367 .
1804 1332 1922 1381 difficile

168 1380 245 1412 enim
253 1376 290 1420 est
298 1386 402 1425 aptum
409 1380 449 1412 ad
449 1376 551 1421 scalas
553 1379 707 1424 ponendas
715 1376 814 1411 locum
823 1379 963 1417 inuenire,
975 1379 1115 1425 quoniam
1123 1387 1298 1415 caeterarum
1302 1382 1436 1426 partium
1446 1403 1457 1419 ‚
1468 1387 1509 1421 (ξφ
1517 1381 1718 1417 membrorum
1728 1381 1923 1429 dispofitiones

166 1425 259 1470 fietile
266 1428 402 1474 impediri
403 1425 520 1473 poffitnt
530 1449 540 1459 .
551 1438 645 1473 quare
654 1427 707 1474 qui
715 1438 735 1460 a
738 1425 830 1470 ftalis
844 1427 1083 1473 impedimentum
1092 1428 1179 1462 timet
1189 1450 1199 1465 ‚
1211 1429 1350 1475 impedire
1354 1428 1454 1471 scalas
1463 1442 1520 1464 non
1530 1429 1618 1465 dehet
1627 1455 1636 1465 .
1663 1430 1785 1465 Solutas
1793 1432 1870 1464 enim
1879 1436 1922 1469 (9-

167 1475 280 1517 liberas
289 1475 498 1509 collocationes
513 1473 626 1509 habere
632 1473 733 1518 scalas
750 1483 885 1522 oportet,
896 1487 965 1509 nam
968 1476 1044 1519 satis
1060 1474 1102 1510 ibi
1110 1478 1267 1511 commodae
1273 1486 1359 1511 erunt
1368 1499 1378 1515 ‚
1389 1477 1441 1512 ubi
1449 1478 1490 1512 nil
1506 1477 1620 1513 dabunt
1635 1481 1822 1517 incommodi,
1833 1488 1867 1513 ut
1875 1480 1922 1512 ait

166 1521 323 1559 ⁸filbertus
330 1548 342 1557 .
357 1529 499 1558 caeterum
507 1534 560 1557 nos
570 1523 702 1558 hocloco
712 1524 746 1558 de
755 1523 939 1566 adficiorum
941 1524 1035 1568 scalis
1050 1527 1226 1560 mentionem
1227 1525 1360 1571 facimus
1369 1549 1379 1564 ‚
1389 1538 1446 1560 non
1456 1529 1491 1561 de
1499 1529 1534 1574 iq‘s
1544 1551 1554 1566 ‚
1565 1540 1629 1575 quae
1637 1530 1677 1562 ad
1686 1526 1828 1562 bellorum
1837 1528 1921 1571 usum

163 1573 324 1620 pertinent,
336 1573 371 1606 de
379 1570 486 1619 quibus
488 1572 629 1619 sequenti
635 1570 712 1606 libro
714 1571 811 1614 sermo
814 1572 854 1615 fit
863 1598 872 1607 .
899 1579 947 1608 De
949 1572 1040 1617 scalis
1048 1575 1138 1620 igitur
1150 1574 1337 1616 edificiorum
1347 1575 1512 1610 tractantes
1519 1599 1529 1614 ,
1536 1589 1661 1622 genera,
1665 1576 1771 1621 situm,
1776 1575 1920 1623 figuram,

167 1621 344 1667 apertiones,
355 1625 506 1668 &partes
513 1619 761 1666 confiderahimus
771 1643 780 1652 .
788 1621 988 1665 Ascendimus
997 1624 1090 1668 igitur
1104 1632 1159 1657 aut
1162 1633 1220 1671 per
1224 1625 1340 1669 gradus
1349 1646 1358 1661 ,
1370 1633 1424 1659 aut
1439 1634 1495 1672 per
1509 1625 1637 1660 acclinia
1647 1650 1656 1658 .
1681 1625 1829 1661 „decliuia
1838 1637 1921 1660 com-

166 1668 376 1712 modioraficnt
385 1691 396 1706 ‚
407 1671 546 1716 quoniam
548 1669 654 1714 senfim
655 1669 825 1714 scandimus
828 1670 893 1714 fine
901 1682 1011 1717 magna
1023 1673 1153 1705 motione
1164 1697 1173 1706 .
1179 1672 1339 1719 prasertim
1341 1672 1370 1716 fi
1380 1672 1697 1721 studiumpofiterimus
1702 1696 1713 1712 ‚
1722 1683 1758 1708 ut
1765 1686 1857 1722 quam
1866 1673 1919 1708 le—

168 1717 297 1762 utffimas
303 1717 480 1762 ascenfiones
487 1717 637 1756 habeant,
647 1724 687 1758 (ᾑ-
696 1719 753 1752 hoc
760 1720 845 1753 modo
854 1721 884 1752 in
894 1729 1008 1753 montes
1018 1729 1107 1766 opera
1123 1719 1274 1756 hominum
1278 1720 1319 1763 fit
1326 1721 1456 1764 afienfiis
1466 1746 1475 1755 .
1502 1724 1561 1756 Sed
1559 1722 1647 1766 scalae
1654 1723 1707 1760 illae
1715 1745 1727 1760 ‚
1740 1734 1802 1770 quae
1803 1724 1920 1769 gradus

169 1765 296 1806 habent,
305 1768 463 1802 commoda·
471 1765 524 1810 effe
532 1765 650 1804 debent,
661 1772 700 1806 (9-
711 1766 865 1809 luminosa.
895 1770 1057 1802 commode
1065 1777 1162 1806 erunt,
1167 1768 1196 1813 si
1205 1773 1225 1814 (
1231 1778 1266 1803 ut
1273 1772 1339 1808 dixi
1345 1771 1365 1813 )
1376 1772 1471 1804 minus
1485 1781 1572 1805 erunt
1578 1772 1764 1807 incommoda
1774 1797 1783 1806 .
1793 1773 1822 1805 in
1830 1771 1920 1813 adifi-

169 1816 225 1861 cijs
235 1816 311 1848 enim
319 1814 386 1849 loca
388 1813 445 1858 fiib
449 1814 540 1858 stalis
548 1814 680 1862 praehent
687 1817 912 1850 commoditates
921 1828 978 1850 non
981 1826 1097 1863 paruas
1108 1841 1116 1850 .
1143 1819 1200 1853 Sed
1200 1818 1230 1861 fi
1237 1820 1278 1853 ad
1285 1818 1560 1866 eos‚quifi·andunt‚
1571 1826 1612 1862 (φ
1619 1821 1793 1864 descendunt
1795 1819 1919 1863 scalaria'

172 1865 326 1897 commoda
335 1865 508 1907 referamus,
519 1865 570 1898 illa
581 1873 667 1897 erunt
676 1865 842 1902 commoda,
852 1877 914 1912 qil-e
923 1867 967 1898 ita
975 1865 1221 1911 temperabantur
1237 1875 1302 1901 tum
1310 1869 1341 1901 in
1356 1867 1523 1911 uniuersum
1532 1891 1542 1907 ‚
1552 1878 1617 1903 tum
1627 1872 1743 1903 ratione
1745 1870 1896 1914 graduum
1906 1892 1919 1907 ,

169 1914 216 1946 uti
226 1925 245 1947 a
255 1918 286 1947 V
286 1914 337 1946 itr.
348 1913 456 1946 ditium
466 1910 513 1954 esi,
519 1911 634 1955 scilicet
641 1921 674 1946 ut
682 1912 820 1954 asumma
831 1912 1076 1947 contabulatione
1085 1916 1124 1948 ad
1132 1917 1222 1948 imum
1226 1916 1469 1963 perpendiculum
1478 1926 1540 1952 tres
1543 1916 1606 1961 sint
1610 1916 1770 1965 partes‚ab
1780 1914 1919 1965 imoper-

166 1960 322 2008 pendiculo
331 1964 359 1994 in
373 1960 482 2006 receffu
491 1969 621 2008 quatuor
630 1983 640 1998 ‚
652 1959 691 1995 ab
702 1961 804 1995 ultimo
822 1961 929 2005 recessu
945 1964 984 1996 ad
991 1962 1138 2004 summam
1155 1962 1430 1999 contabulationem
1448 1968 1578 2014 quinque
1587 1992 1596 2000 .
1622 1973 1672 2000 Ita
1680 1968 1757 2000 enim
1765 1967 1805 2000 ad
1810 1978 1918 2001 normas

169 2011 314 2043 rationem
314 2009 400 2056 scapi
407 2008 559 2052 scalarum
570 2019 716 2057 tanquam
728 2009 937 2052 ficbtendentes
950 2013 1059 2057 trigoni
1070 2011 1148 2045 linea
1164 2011 1409 2060 temperabuntur
1419 2038 1428 2047 .
1456 2016 1610 2054 Graduum
1627 2027 1697 2049 uero
1708 2026 1864 2052 numerus,
1876 2021 1918 2056 (17-

168 2061 247 2092 ratio
258 2059 471 2092 retraiiionum
483 2080 493 2095 ‚
506 2070 586 2104 quas
594 2058 680 2100 nostri
687 2061 800 2104 requies
810 2069 920 2093 uocant
928 2082 938 2097 ‚
943 2059 988 2103 fic
997 2059 1135 2094 habenda
1153 2062 1199 2095 es‘i
1206 2084 1217 2099 ‚
1227 2070 1261 2095 ut
1270 2073 1328 2095 non
1335 2061 1447 2096 multos
1448 2065 1564 2109 gradus
1568 2062 1721 2107 fizciamus
1732 2063 1798 2107 sine
1808 2072 1916 2098 retra-

169 2108 282 2142 liionin
293 2113 333 2146 θ’
339 2106 425 2154 plani
434 2107 589 2153 cuiuspiam
602 2107 832 2153 interpofitior'ffi
843 2108 1015 2153 quoniamst
1024 2110 1081 2142 erit
1084 2108 1210 2156 planum
1220 2111 1425 2145 commoditati
1434 2112 1620 2155 inseruiemus
1630 2137 1640 2150 ‚
1653 2118 1694 2152 (φ
1701 2111 1836 2159 periculo
1843 2121 1917 2159 pros

168 2155 343 2193 uidebimus,
354 2167 423 2190 nam
433 2155 689 2201 aftendentesfhffi
696 2159 726 2191 in
738 2157 917 2190 retractione
926 2157 1067 2204 respirant
1074 2179 1084 2195 ,
1098 2163 1140 2197 (φ
1150 2161 1203 2206 qui
1212 2158 1282 2202 casu
1288 2160 1486 2206 praecipitant,
1495 2159 1595 2195 locum
1613 2163 1766 2195 inueniunt
1770 2160 1894 2208 planum
1903 2183 1921 2202 ‚h

167 2206 197 2237 in
207 2216 265 2252 quo
270 2203 507 2252 firmaripoffimt
517 2230 526 2238 .
537 2204 665 2238 altitudo
673 2214 774 2240 autem
776 2206 926 2251 graduum
935 2228 946 2243 ‚
958 2212 999 2245 (φ
1008 2207 1149 2241 retractio
1159 2210 1203 2242 ita
1206 2207 1277 2250 sunt
1286 2209 1489 2253 temperanda,
1500 2218 1533 2244 ut
1544 2208 1634 2257 quim
1640 2211 1758 2244 minime
1764 2220 1818 2257 pes
1825 2208 1916 2243 labo-

166 2261 226 2291 ret,
235 2255 304 2287 dum
319 2252 465 2287 eleuatur.
486 2253 641 2289 cochlides
646 2253 735 2296 scala
744 2276 754 2292 ,
766 2265 828 2302 quae
836 2256 875 2289 ad
883 2254 997 2289 limacis
1006 2257 1124 2289 modum
1126 2254 1230 2299 fhc‘i‘ae,
1241 2265 1388 2291 uocantur
1396 2278 1407 2294 ‚
1418 2261 1516 2290 mInus
1523 2270 1597 2293 areae
1605 2267 1718 2293 tenent.
1745 2260 1803 2295 Sed
1811 2258 1915 2304 diffici-

166 2300 273 2336 liorem
279 2300 410 2349 praebent
418 2302 563 2345 aſsensum
571 2325 581 2340 ,
591 2302 750 2349 praesertim
761 2313 827 2337 cum
837 2303 1104 2348 neceffitate'fiunt.
1114 2306 1212 2352 inepte
1221 2307 1250 2338 in
1258 2306 1376 2351 angulis
1384 2307 1486 2340 adium
1495 2308 1524 2340 in
1533 2315 1599 2342 tota
1601 2307 1671 2351 fere*
1680 2308 1839 2342 Germania
1848 2306 1914 2340 col-

169 2349 320 2390 locantur,
334 2356 374 2389 (9⁸
384 2362 419 2385 ea
429 2353 544 2384 ratione
555 2351 662 2393 uitiosae
669 2374 680 2389 ‚
692 2364 753 2399 qua
755 2351 827 2394 sunt
829 2353 967 2396 senes'irae
975 2374 986 2389 ,
999 2358 1040 2392 (φ
1050 2355 1216 2399 apertiones
1224 2353 1290 2388 aliae
1297 2376 1308 2392 ,
1317 2364 1379 2400 quae
1386 2355 1415 2387 in
1424 2354 1543 2400 angulis
1547 2355 1627 2397 fiunt
1636 2381 1646 2390 .
1671 2355 1827 2390 Scalarum
1835 2353 1914 2388 mul-

168 2400 266 2436 titudo
276 2397 464 2447 improbatur
485 2398 523 2434 ob
532 2400 743 2447 impeditiones‚
753 2399 957 2448 qiizsfizciunt
964 2403 993 2434 in
1003 2402 1131 2447 aedtficijs
1140 2424 1150 2438 ,
1162 2406 1357 2447 &graduum
1365 2402 1524 2437 multitudo
1533 2404 1651 2447 onerofiae
1658 2405 1714 2441 esi,
1725 2405 1884 2450 &grauth

165 2452 240 2484 Tres
249 2460 320 2482 uero
329 2450 498 2495 apertiones
507 2447 618 2482 habent
628 2451 649 2494 (
656 2457 690 2482 ut
695 2448 879 2496 plurimum)
883 2448 981 2492 scala,
993 2452 1094 2487 imam,
1104 2452 1241 2488 mediam,
1253 2451 1499 2495 &flemmamab
1508 2454 1569 2486 ima
1578 2455 1704 2500 inceptio
1715 2454 1761 2487 est
1767 2451 1910 2496 ascensus.

163 2498 194 2530 in
204 2498 301 2532 media
312 2497 502 2540 ascendimus,
512 2509 532 2531 a
539 2496 655 2540 flamma
664 2498 693 2530 in
702 2497 791 2531 aulas
791 2496 883 2544 fiipra
900 2499 1089 2544 ingredimur.
1100 2500 1161 2533 ima
1169 2509 1243 2546 pars
1253 2501 1296 2534 ita
1305 2503 1333 2533 in
1341 2501 1491 2546 prospebiu
1502 2502 1557 2544 esse
1565 2500 1665 2539 debet,
1676 2510 1711 2535 ut
1717 2502 1806 2548 qudm
1811 2501 1913 2547 primii

163 2547 284 2580 ianuam
297 2544 527 2591 ingredientibus
535 2547 673 2580 uideatur
682 2570 690 2580 .
704 2547 800 2579 media
822 2546 960 2590 luminofiz
962 2547 1006 2591 fit
1017 2569 1026 2584 ,
1038 2553 1079 2587 &
1091 2547 1188 2581 lumen
1198 2547 1381 2595 aquabilz'ter
1390 2550 1506 2594 gradus
1514 2560 1615 2584 omnes
1622 2552 1777 2595 contingat
1785 2571 1794 2586 ‚
1803 2550 1861 2583 hoc
1868 2550 1912 2582 ita

158 2595 216 2638 fiet
225 2617 236 2634 ,
249 2604 283 2629 ut
290 2606 353 2641 quae
361 2596 440 2628 ratio
447 2595 548 2638 fuerit
558 2592 667 2628 umbrae
677 2596 707 2628 in
715 2593 838 2641 planum
850 2596 985 2640 proieft'ae
995 2595 1182 2630 altitudinem
1200 2599 1294 2631 totius
1295 2597 1382 2640 scala
1390 2599 1490 2631 eadem
1498 2600 1528 2631 in
1537 2597 1686 2644 gradibus
1701 2598 1868 2643 reperiatur
1876 2620 1885 2628 .

164 2650 285 2678 Summa
292 2653 364 2690 pars
376 2645 405 2677 in
414 2644 507 2677 medio
519 2642 593 2676 aulae
605 2654 659 2676 nos
666 2651 809 2690 exponat,
823 2645 866 2676 ita
876 2652 910 2677 ut
917 2644 1054 2687 uniuerfie
1063 2647 1125 2678 eius
1133 2655 1237 2691 partes
1246 2644 1430 2692 aequabiliter
1439 2647 1520 2680 cerni
1524 2648 1633 2693 possint
1642 2668 1652 2684 ‚
1665 2646 1912 2689 &fenestrarum

164 2692 278 2728 lumina
289 2694 319 2725 in
330 2693 423 2726 medio
432 2692 578 2725 collocata
591 2693 698 2738 impari
709 2703 830 2724 numero
834 2691 896 2735 fint
908 2713 918 2729 ,
930 2704 1029 2726 omnes
1044 2702 1145 2727 autem
1152 2702 1256 2740 partes
1265 2716 1275 2731 ,
1286 2696 1503 2740 &apertiones
1521 2694 1580 2728 und
1588 2696 1617 2728 in
1626 2707 1659 2728 eo
1669 2693 1849 2738 consentiant
1858 2714 1868 2730 ‚
1877 2702 1912 2727 ut

163 2739 268 2788 ampla
273 2740 346 2785 sint,
358 2746 398 2779 όν
406 2739 565 2785 magnifica
573 2762 584 2777 ,
596 2749 630 2775 ut
649 2740 718 2784 fere
733 2740 892 2773 uideantur
913 2743 1034 2776 inuitari
1052 2744 1091 2775 ad
1099 2742 1244 2785 ascenfiam
1259 2744 1432 2776 accedentes
1441 2767 1450 2776 .
1461 2745 1639 2779 conueniunt
1648 2744 1731 2778 refice
1738 2744 1805 2784 cum
1814 2740 1914 2776 cochli

164 2789 250 2825 dibus
258 2791 287 2822 in
301 2797 495 2836 proportione
501 2792 651 2834 graduum
660 2810 670 2826 ,
682 2789 712 2822 in
730 2787 933 2835 apertionibus
942 2812 951 2827 ‚
963 2795 1004 2828 &⁶
1012 2789 1080 2835 aliq's
1091 2789 1183 2824 rebus
1191 2790 1257 2834 ‚fi’d
1265 2789 1322 2824 hoc
1340 2791 1479 2837 differunt
1487 2812 1497 2828 ‚
1505 2793 1584 2838 quod
1591 2791 1739 2825 reciarum
1748 2789 1857 2837 scapus
1865 2791 1912 2824 eft

167 2845 312 2886 tanquam
330 2836 407 2870 linea
417 2836 580 2881 tranfiiersa
590 2850 609 2871 a
617 2837 734 2880 summa
743 2836 920 2880 coaffatione
929 2840 969 2872 ad
972 2838 1060 2884 plani
1067 2839 1205 2882 recessum
1212 2839 1343 2887 proiefia
1352 2860 1362 2876 ‚
1375 2848 1408 2873 nt
1417 2839 1492 2873 linea
1502 2840 1712 2885 diagonios,uel
1719 2839 1911 2887 hypotenusa.

165 2886 314 2922 cochlidis
327 2897 398 2919 uero
400 2885 511 2932 scapus
519 2885 557 2927 esi
564 2888 603 2920 ad
620 2885 860 2934 perpendiculum
878 2886 1040 2920 collocatus
1055 2909 1063 2924 ‚
1074 2893 1114 2926 ὠν
1124 2890 1205 2922 circa
1227 2899 1292 2921 eum
1301 2896 1399 2934 tamq;
1413 2889 1494 2921 circa
1503 2900 1593 2922 axem
1604 2890 1720 2934 gradus
1723 2897 1885 2936 ponuntur.

165 2934 322 2971 cochlides
330 2943 432 2968 autem
441 2932 482 2967 ah
497 2936 629 2982 antiquis
630 2935 720 2979 fizflae
728 2942 825 2971 erant,
836 2936 908 2968 utin
917 2934 1053 2979 altiffima
1062 2936 1285 2979 conscenderent
1293 2958 1303 2973 ‚
1314 2935 1470 2970 columnas
1478 2958 1490 2974 ‚
1497 2938 1666 2983 pyramides
1675 2959 1685 2975 ‚
1696 2943 1737 2978 (φ
1745 2939 1837 2972 moles
1844 2948 1910 2973 ma-
1929 2945 1932 2948 ·

164 2987 268 3019 ximas
278 2995 360 3031 aequa
366 2991 446 3016 rent.
477 2984 644 3028 Vestigium
653 2983 795 3019 cochlidis
806 2981 844 3024 est
851 2991 996 3030 tanquam
1004 2984 1109 3018 uoluta
1117 2984 1182 3027 ,sed
1192 2984 1406 3031 orthographia
1414 2997 1433 3018 a
1441 2987 1532 3020 certis
1538 2985 1740 3033 uolutaefignis
1750 2987 1885 3032 erigitur.

165 3043 201 3071 ,Α
207 3033 322 3068 [bertus
332 3039 471 3067 Dure-rus
480 3041 628 3080 utrunque
633 3035 719 3082 ponit
730 3030 917 3080 dispositionis
924 3033 1030 3071 ideam,
1038 3045 1129 3081 quam
1137 3046 1190 3069 nos
1197 3033 1253 3068 hoc
1262 3032 1328 3068 loco
1329 3032 1517 3077 fiibiecimus.

1574 3139 1665 3179 23
1817 3134 1910 3181 Qa-
