2241 3318
282 118 351 153 234
967 103 1286 145 lter-:R

277 182 376 215 &urae
387 178 560 216 soliditate,
574 175 683 210 dextra
691 186 728 210 ae
748 173 867 210 sinistra
876 173 1049 209 secundum
1059 172 1089 208 se
1098 173 1175 209 facit
1191 175 1224 208 in
1241 173 1431 220 pauimentis
1444 173 1614 209 necessario
1633 173 1739 211 rimas.
1766 175 1849 211 Item
1858 175 1962 212 danda
1977 176 2023 213 est

275 243 385 276 opera,
400 241 438 262 ne
449 223 683 260 comisccantur
693 236 765 258 axes
774 222 906 258 esculini
916 224 1058 270 quernis,
1068 223 1157 270 quod
1170 223 1286 269 querni
1297 221 1386 257 simul
1399 236 1434 258 ac
1445 223 1615 258 humorem
1625 235 1834 271 perceperunt
1844 226 1873 260 se
1882 238 2022 274 torqueo

274 289 322 313 tes
338 280 429 311 rimas
441 274 561 308 faciunt
572 275 603 307 in
617 273 806 319 pauimentis
816 287 826 314 ;
838 271 883 307 fin
909 283 1016 306 autem
1027 271 1146 306 esculus
1156 284 1223 305 non
1234 271 1352 310 erit‚&
1362 270 1529 306 necessitas
1551 273 1697 319 coegerit
1717 284 1853 320 propter
1872 275 2020 320 inopiam

273 327 320 360 uti
335 325 473 372 quernis,
484 323 523 357 sic
534 323 662 356 uidetur
671 320 729 355 effe
739 319 920 356 faciendum
931 346 941 360 ‚
952 332 987 355 ut
996 320 1140 355 secentur
1157 320 1340 354 tenuiores:
1351 331 1418 366 quo
1437 322 1543 355 minus
1552 323 1637 355 enim
1648 322 1803 356 ualuerint
1813 344 1823 360 ‚
1834 334 1874 357 eo
1894 322 2019 358 facilius

271 375 371 408 clauis
382 372 435 405 fixi
446 370 714 405 continebuntur.
727 369 857 404 Deinde
868 371 900 404 in
910 369 1039 416 singulis
1049 370 1146 416 tignis
1165 368 1312 402 extremis
1322 369 1465 415 partibus
1473 372 1538 404 axis
1549 368 1616 403 bini
1625 371 1708 404 claui
1717 369 1867 416 figantur,
1883 373 1931 406 uti
1944 373 2016 405 nul—

271 423 298 455 la
313 434 348 455 ex
360 432 447 465 parte
467 418 588 466 possint
599 417 628 453 se
639 418 825 466 torquendo
834 419 944 465 anguli
954 418 1089 453 excitare
1099 443 1109 453 .
1138 418 1291 465 Namque
1301 417 1341 451 de
1362 429 1453 452 cerro
1466 441 1477 457 ‚
1486 430 1540 453 aut
1548 417 1627 465 fago
1638 442 1648 457 ‚
1658 417 1707 453 seu
1726 418 1819 453 farno
1829 420 1956 458 ,nullus
1973 420 2015 454 ad

271 469 462 504 uetustatem
481 466 587 515 potest
600 479 795 514 permanere.
807 467 1060 502 Coaxationibus
1071 464 1170 504 fastis,
1189 465 1210 500 fi
1220 467 1279 500 erit
1289 465 1361 500 filex
1371 488 1381 504 ‚
1393 465 1415 500 fi
1425 479 1505 506 non,
1515 468 1601 514 palea
1619 466 1845 506 substernatur,
1856 469 1903 502 uti
1912 479 2015 503 mate-

270 520 330 552 ries
340 530 356 550 a
366 518 461 551 calcis
473 517 557 559 uitijs
569 514 770 550 defendatur.
782 518 880 550 Tunc
889 514 1016 562 insuper
1025 514 1247 549 statuminetur
1257 527 1324 548 non
1339 515 1464 549 minore
1473 515 1557 550 saxo*
1569 538 1579 554 ,
1590 515 1686 562 quam
1700 516 1788 564 quod
1806 513 1906 563 possit
1916 519 2013 552 mansi

269 567 415 613 implere:
426 565 649 599 statuminibus
667 565 807 599 induetis
817 565 995 599 roderetur.
1023 565 1136 598 Rudus
1147 563 1167 598 fi
1179 575 1305 597 nouum
1322 564 1380 598 erit
1398 564 1437 598 ad
1448 575 1511 599 tres
1529 575 1630 611 partes
1641 577 1701 598 una
1719 565 1814 599 calcis
1833 564 2013 605 misceatur,

270 614 291 649 si
305 615 482 648 rediuiuum
495 612 603 651 fuerit,
616 614 760 660 quinque
770 614 808 647 ad
821 613 920 646 duum
931 614 1100 646 mixtiones
1110 612 1246 647 habeant
1258 609 1442 658 responsum
1453 637 1462 647 .
1476 614 1604 647 Deinde
1615 614 1711 647 rudus
1723 614 1900 652 inducatur,
1914 617 1945 648 &
1957 627 2013 648 ue-

269 663 375 697 &ibus
387 663 499 709 ligneis
510 661 647 705 decurijs
659 662 800 695 indue‘tis
823 662 960 695 crebiter
970 659 1144 707 pinsatione
1155 660 1308 694 solidetur
1317 684 1326 698 ‚
1337 661 1408 695 &id
1419 673 1486 695 non
1499 662 1603 696 minus
1620 659 1744 708 pinsum
1772 661 1956 696 absolutum
1973 662 2014 697 fit

269 710 473 745 crassitudine
482 710 648 744 dodrantis
658 735 667 744 .
684 709 814 755 Insuper
825 721 860 743 ex
875 708 952 743 testa
962 710 1092 743 nucleus
1101 709 1270 744 inducatur
1280 709 1470 743 mixtionem
1480 709 1598 744 habens
1607 712 1646 745 ad
1656 721 1718 744 tres
1729 721 1833 758 partes
1842 721 1938 743 unam
1949 712 2014 744 cal—

269 761 330 798 cis,
342 761 386 793 uti
407 772 448 794 ne
458 761 583 793 minore
593 758 628 792 sit
638 757 843 793 crassitudine
854 759 1074 803 pauimentum
1093 758 1272 805 digitorum
1285 756 1404 792 senum.
1419 760 1518 805 Supra
1527 758 1642 793 rudum
1652 758 1690 793 ad
1701 758 1844 805 regulam
1854 781 1865 795 2
1877 761 1908 793 δέ
1920 758 2014 792 libel-

271 809 335 842 lam
349 808 454 842 exacta
466 808 645 854 pauimenta
660 805 834 844 struantur,
845 806 908 841 siue
919 804 1079 840 seetilibus
1090 832 1101 846 ‚
1112 806 1175 840 siue
1183 805 1301 841 tefferis
1310 831 1320 840 .
1345 808 1432 841 Cum
1442 819 1477 841 ea
1487 807 1629 842 extrusta
1640 807 1770 845 fuerint,
1780 810 1812 842 δι
1822 805 1947 854 fastigia
1957 819 2014 841 ex-

267 858 443 891 tructiones
455 856 637 893 habuerint,
646 856 689 889 ita
700 854 874 895 fricentur,
884 856 931 889 uti
942 855 963 889 si
973 854 1087 890 seffiiia
1099 855 1171 895 sint,
1181 856 1260 890 nulli
1270 854 1386 902 gradus
1400 856 1431 890 in
1442 855 1638 895 scutulis‚aut
1649 856 1802 903 trigonis,
1813 866 1864 889 aut
1876 854 2014 902 quadra-

268 906 309 939 tis
318 928 327 944 ‚
339 905 387 939 leu
400 904 480 938 fauis
490 914 609 942 extent,
620 902 671 938 sed
683 915 952 951 coagmentorum
964 904 1159 951 compositio
1170 907 1295 950 planam
1306 903 1417 938 habeat
1432 905 1515 938 inter
1524 903 1553 938 se
1562 904 1809 939 direetionemtsi
1821 902 1937 938 tess‘cris
1946 904 2011 939 stru

265 954 356 988 etum
367 954 478 991 crit‚ut
497 965 540 986 eae
553 964 668 986 omnes
686 954 824 1000 angulos
833 953 968 988 habeant
978 953 1114 1000 aequales
1124 977 1133 992 ‚
1146 952 1297 1000 nullibit'1‚·
1307 966 1325 987 a
1349 951 1496 987 fricatura
1514 963 1656 987 extantes
1669 977 1679 987 .
1706 954 1792 987 Cum
1805 954 1891 986 enim
1902 954 2012 998 anguli

267 1014 335 1036 non
346 1001 464 1035 suerint
476 1013 592 1034 omnes
601 1002 758 1048 equaliter
768 1003 866 1048 plani,
878 1014 944 1035 non
954 1002 1013 1035 erit
1023 1001 1188 1039 exactamti
1198 1012 1331 1048 oportet
1340 1000 1491 1036 fricatura
1501 1026 1511 1036 .
1538 1004 1623 1036 Item
1634 1001 1765 1036 testacea
1783 1000 1898 1048 spicata
1907 1001 2011 1035 tibur—

265 1051 331 1084 tina
343 1048 412 1084 sunt
423 1050 592 1096 diligenter
603 1050 755 1096 exigenda
766 1072 775 1087 ‚
786 1062 819 1084 ut
829 1063 897 1085 non
909 1050 1044 1085 habeant
1063 1051 1202 1088 lacunas,
1213 1063 1270 1084 nec
1281 1061 1421 1084 extantes
1437 1051 1582 1084 tumulos
1595 1073 1605 1088 ‚
1617 1051 1668 1085 sed
1686 1050 1747 1084 sint
1764 1048 1893 1084 extensa
1904 1075 1914 1088 ‚
1929 1054 1960 1084 &
1970 1051 2010 1083 ad

269 1100 413 1146 regulam
429 1097 606 1144 perfricata.
619 1096 708 1146 super
720 1098 901 1133 fricaturam
912 1098 1213 1146 lenigationibus,&
1222 1099 1370 1145 polituris
1379 1111 1452 1133 cum
1463 1097 1580 1132 fuerint
1590 1097 1741 1145 perfecta,
1753 1099 1934 1132 incernatur
1942 1111 2010 1132 mar

265 1160 341 1181 mor
351 1173 361 1186 ‚
373 1152 403 1181 δι
416 1147 505 1192 supra
516 1148 620 1180 loricae
634 1159 669 1179 ex
680 1148 774 1187 calce,
784 1151 816 1181 ὅ(
828 1160 919 1181 arena
930 1147 1201 1182 inducantur.Sub
1218 1148 1275 1182 dio
1292 1159 1370 1181 uero
1381 1147 1517 1182 maxim&
1537 1147 1655 1181 idonea
1672 1146 1822 1181 faciunda
1839 1145 1909 1180 sunt
1919 1148 2008 1193 paui-

262 1207 384 1233 menta,
398 1196 486 1242 quod
498 1196 759 1241 contignationes
769 1196 904 1230 humore
915 1193 1091 1230 crescentes
1100 1219 1110 1235 ‚
1123 1208 1177 1230 aut
1187 1195 1326 1230 ficcitate
1336 1195 1548 1230 decrescentes
1562 1218 1573 1234 ,
1583 1195 1634 1229 seu
1645 1195 1895 1242 pandationibus
1906 1195 2006 1230 fiden-

264 1255 314 1279 tes
325 1245 493 1279 mouendo
503 1245 531 1278 se
543 1242 664 1278 faciunt
675 1245 754 1278 uitia
764 1245 954 1291 pauimentis
964 1269 972 1278 .
986 1255 1134 1290 praetcrea
1145 1245 1294 1291 gelicidia
1307 1270 1317 1284 ‚
1327 1248 1358 1279 ὃ(
1374 1246 1494 1291 pruinae
1504 1258 1570 1279 non
1580 1247 1790 1291 patiunturea
1803 1245 1926 1290 integra
1937 1256 2008 1289 per-

265 1304 393 1327 manere
404 1317 414 1327 .
447 1295 560 1340 Itaque
570 1291 591 1326 si
601 1292 765 1327 necessitas
774 1294 918 1340 coegerit
928 1317 938 1332 ,
950 1304 984 1327 ut
997 1294 1127 1327 minime
1137 1292 1249 1328 uitiosa
1260 1292 1357 1330 fiant,
1368 1293 1409 1327 sic
1428 1294 1485 1328 erit
1496 1293 1682 1328 faciundum
1692 1318 1701 1328 .
1728 1294 1815 1327 Cum
1837 1304 2008 1327 coaxatum

264 1340 360 1375 fuerit
370 1340 460 1387 super
472 1342 567 1375 altera
581 1342 729 1375 coaxatio
739 1340 907 1377 transuersa
918 1342 1082 1380 sternatur,
1093 1343 1224 1390 chuisi„
1235 1341 1330 1376 fixam
1351 1342 1512 1389 duplicem
1524 1342 1662 1388 praebeat
1680 1342 1918 1389 contignationi
1928 1342 2007 1375 lori⁴

265 1390 439 1424 cationem:
464 1390 579 1424 deinde
590 1390 696 1424 ruderi
718 1403 809 1424 nouo
830 1391 919 1425 tertia
937 1403 1007 1437 pars
1025 1389 1110 1424 testae
1128 1390 1202 1426 tusae
1221 1390 1430 1426 admisceatur
1439 1414 1448 1428 ,
1458 1392 1586 1438 calcisq3
1598 1392 1667 1425 duce
1686 1403 1788 1437 partes
1803 1390 1844 1424 ad
1863 1391 2006 1438 quinque

263 1439 410 1482 mortarij
425 1437 635 1472 mixtionibus
649 1437 794 1484 praestent
804 1438 987 1486 responsum
998 1465 1006 1474 .
1017 1438 1279 1474 statuminatione
1288 1438 1369 1474 faeta
1380 1439 1476 1474 rudus
1490 1439 1674 1477 inducatur,
1689 1440 1756 1486 idq3
1769 1437 1893 1485 pinsum
1909 1438 2005 1472 ablo-

262 1488 367 1521 lutum
378 1499 417 1520 ne
428 1488 532 1520 minus
543 1487 623 1532 pede
634 1487 669 1520 sit
681 1485 812 1522 craffum
823 1512 831 1520 .
859 1488 957 1522 Tunc
966 1498 1074 1521 autem
1086 1489 1201 1521 nucleo
1212 1488 1347 1522 inducto
1357 1493 1389 1531 ‚(
1406 1499 1440 1522 ut
1451 1485 1693 1534 suprascriptum
1705 1488 1770 1529 est)
1783 1488 2004 1534 pauimentum

262 1547 280 1568 e
291 1533 396 1569 tessera
407 1535 518 1582 grandi
530 1536 654 1570 circiter
665 1535 776 1570 binum
787 1537 926 1583 digitum
947 1537 1020 1571 caesa
1038 1535 1175 1571 struatur
1184 1561 1194 1576 ‚
1206 1535 1369 1584 fastigium
1381 1536 1498 1571 habens
1509 1537 1542 1571 in
1565 1537 1660 1583 pedes
1670 1538 1772 1570 denos
1784 1557 1795 1574 ‚
1806 1536 1928 1582 digitos
1953 1536 1985 1569 bi
1994 1555 2004 1560 -

261 1596 336 1618 nos.
348 1583 437 1630 quod
450 1583 470 1618 fi
480 1583 560 1617 bene
570 1583 815 1632 temperabitur,
826 1589 858 1619 &
877 1585 963 1619 reste
980 1583 1127 1618 fricatum
1139 1584 1252 1624 fuerit,
1264 1587 1303 1619 ab
1313 1585 1465 1620 omnibus
1477 1586 1560 1629 uitiis
1570 1585 1629 1619 erit
1640 1595 1757 1619 tutum.
1769 1584 1825 1618 Vti
1835 1595 1942 1617 autern
1952 1585 2003 1618 in-

261 1643 310 1667 ter
320 1643 512 1679 coagmenta
521 1633 666 1667 materies
676 1631 714 1666 ab
727 1634 882 1680 gelicidijs
894 1646 933 1667 ne
943 1633 1066 1667 laboret
1077 1658 1087 1672 ‚
1099 1632 1238 1668 fracibus
1247 1635 1426 1680 quotannis
1444 1645 1517 1669 ante
1528 1635 1674 1681 hyemem
1692 1629 1860 1669 saturetur,
1873 1633 1917 1666 ita
1933 1645 2002 1667 non

260 1682 423 1727 patientur
432 1681 465 1715 in
476 1679 505 1715 se
519 1682 659 1728 recipere
669 1682 812 1729 gelicidij
825 1683 985 1729 pruinam.
997 1681 1039 1716 sin
1057 1692 1164 1716 autem
1176 1683 1329 1717 curiolius
1341 1682 1504 1717 uidebitur
1513 1682 1579 1717 fieri
1592 1693 1743 1729 oportere
1753 1681 1862 1729 regule
1871 1682 2002 1728 bipeda·

260 1731 307 1764 les
317 1731 400 1763 inter
421 1729 449 1764 se
464 1742 696 1776 coagmentatre
707 1728 796 1778 supra
807 1732 905 1765 rudus
915 1729 1063 1764 substrata
1073 1732 1202 1765 materia
1213 1733 1416 1766 collocentur
1426 1754 1435 1769 ‚
1448 1731 1601 1766 habentes
1619 1730 1749 1777 lingulis
1761 1733 2001 1777 coagmentori'i

260 1777 437 1818 frontibus,
450 1779 643 1812 canaliculos
654 1780 812 1825 digitales,
822 1779 937 1827 quibus
947 1779 1267 1825 iuuffisimpleantur
1283 1781 1366 1813 calce
1376 1793 1412 1814 ex
1424 1781 1500 1814 oleo
1511 1778 1635 1814 subac‘ta
1650 1803 1660 1819 ‚
1674 1777 1929 1825 confricenturc'1;
1951 1779 2000 1812 in-

259 1838 308 1861 ter
321 1825 349 1860 se
360 1838 552 1875 coagmenta
573 1826 757 1874 compreffa.
769 1829 812 1862 ita
825 1830 891 1862 calx
911 1840 981 1876 quae
992 1828 1051 1861 erit
1064 1828 1184 1862 haerens
1194 1828 1226 1862 in
1235 1828 1396 1863 canalibus
1406 1853 1415 1868 ,
1426 1827 1623 1863 durescendo
1639 1839 1706 1862 non
1724 1828 1862 1874 patietur
1871 1840 2001 1873 aquam,

258 1887 366 1920 neque
376 1876 467 1909 aliam
479 1888 545 1909 rem
560 1888 616 1922 per
625 1888 815 1922 coagmenta
828 1877 956 1912 tranfire
966 1901 975 1910 .
1004 1878 1090 1910 Cum
1100 1889 1180 1924 ergo
1189 1875 1286 1911 fuerit
1296 1878 1358 1911 hoc
1369 1878 1412 1911 ita
1423 1876 1719 1923 perstratum‚super
1727 1877 1858 1910 nucleus
1868 1876 2000 1910 induca-

259 1935 322 1961 tur,
335 1928 365 1958 &
377 1924 474 1970 uirgis
484 1924 639 1958 caedendo
651 1923 827 1971 subigatur,
837 1924 927 1974 supra
936 1936 1043 1960 autem
1065 1924 1127 1960 siue
1138 1937 1175 1958 ex
1186 1924 1291 1960 tessera
1303 1926 1492 1972 grandi‚fiue
1502 1938 1537 1960 ex
1547 1925 1629 1973 spica
1641 1923 1775 1959 testacea
1785 1924 1943 1959 struantur
1953 1923 1999 1958 fa-

258 1973 371 2019 stigiis,
383 1973 501 2018 quibus
521 1971 565 2006 est
577 1971 665 2019 supra
685 1973 837 2018 scriptum
850 1988 859 2008 .-
872 1978 903 2008 &
914 1986 986 2008 cum
997 1973 1037 2007 sic
1048 1984 1140 2007 crunt
1150 1972 1243 2013 faeta,
1253 1987 1319 2008 non
1330 1975 1395 2008 cito
1415 1974 1623 2008 uitiabuntur.

308 2023 433 2056 ‘Pi-imas
440 2030 542 2068 partes
551 2023 628 2055 inter
643 2021 837 2068 expolitiones
845 2031 947 2056 tenent
962 2024 1166 2056 ruderationes
1174 2045 1184 2059 ‚
1196 2027 1237 2062 (νῇ-
1247 2024 1420 2070 pauimenta
1432 2047 1441 2057 .
1453 2024 1488 2057 de
1508 2025 1545 2069 ijs
1554 2022 1610 2057 hoc
1619 2024 1716 2069 capite
1730 2024 1832 2068 agitur
1841 2045 1851 2054 .
1876 2022 1997 2066 Rudera

251 2070 322 2114 sunt
332 2070 443 2117 lapides
454 2069 578 2114 contusi,
591 2076 632 2110 (φ
641 2070 725 2105 calce
732 2072 861 2105 admixti
872 2093 883 2109 ,
893 2083 955 2118 qua:
958 2072 1136 2118 pauimentis
1136 2070 1285 2115 faciendis
1285 2070 1526 2114 fitbslernuntur5
1538 2073 1612 2106 unde
1620 2072 1761 2106 ruderare
1780 2069 1816 2111 est
1832 2069 1996 2113 huiusmodi

258 2129 331 2166 opus
337 2117 462 2159 sternere
472 2141 482 2156 ,
494 2130 546 2152 nos
548 2118 694 2163 [qroffizre
705 2121 829 2153 dicimus
836 2141 846 2157 ,
857 2120 906 2154 uel
913 2129 1094 2166 terrazzare
1104 2145 1112 2154 .
1138 2125 1322 2162 Antequam
1342 2122 1433 2165 igitur
1454 2121 1494 2155 ad
1497 2122 1701 2168 pauimentum
1719 2120 1869 2153 ueniamus
1878 2117 1995 2169 ideslad

257 2167 395 2201 ultimam
408 2168 499 2205 illam,
511 2167 948 2215 &fiiritmanisolifitperficiem
957 2168 1120 2215 expolitam
1129 2191 1138 2206 ,
1146 2170 1244 2215 primo
1246 2167 1497 2210 statuminandum
1507 2191 1517 2207 ,
1528 2170 1628 2203 deinde
1637 2169 1846 2204 ruderandum,
1856 2179 1929 2202 mox
1937 2180 1994 2201 nu-

256 2215 288 2250 cl
291 2227 341 2249 eus
348 2217 537 2253 inducendus,
547 2217 662 2250 demum
668 2219 871 2263 pauimentum
876 2215 1044 2259 struendum
1054 2241 1063 2250 .
1089 2222 1244 2251 statumen
1252 2219 1370 2255 dicitur,
1382 2219 1521 2265 quicquid
1527 2227 1583 2264 pro
1585 2216 1759 2261 fulcimento
1770 2216 1915 2250 sternitur
1924 2215 1994 2258 idest

255 2266 497 2312 pauimentorum
504 2266 593 2298 imum
603 2267 824 2313 firatum‚quod
834 2277 874 2300 ex
876 2264 1090 2311 grandioribus
1091 2265 1176 2308 saxis
1183 2265 1348 2307 conficitur.
1349 2266 1411 2312 post
1413 2265 1682 2308 statuminationem
1690 2264 1992 2312 ruderatiojequitur,

257 2324 319 2360 quae
328 2314 399 2360 quid
402 2311 444 2356 fit
456 2335 466 2350 ,
477 2313 536 2346 iam
546 2315 685 2347 diximus.
690 2313 830 2357 fiibtilior
838 2317 913 2348 enim
919 2316 1080 2362 permixtio
1089 2315 1269 2348 ruderationi
1279 2314 1446 2352 adhibetur,
1457 2326 1546 2362 quam
1547 2312 1867 2356 statiuninationi‚mox
1873 2313 1996 2348 nucleus

256 2363 407 2396 inducitur
414 2360 483 2403 idest
493 2359 588 2402 crusta
596 2361 658 2396 alia
667 2384 676 2399 ,
683 2361 748 2405 siue
757 2364 869 2396 corium
878 2386 888 2401 ‚
899 2364 978 2412 quod
986 2363 1113 2396 medium
1123 2360 1161 2403 eft
1170 2365 1246 2397 inter
1255 2365 1471 2397 ruderationem
1481 2385 1492 2401 ‚
1502 2365 1754 2409 &pauimentum
1764 2385 1774 2400 ‚
1784 2365 1848 2396 ideo
1858 2361 1898 2396 ab
1907 2362 1994 2397 Italis

256 2412 358 2444 anima
368 2412 547 2447 nominatur,
559 2412 594 2444 de
603 2422 661 2458 quo
673 2410 803 2453 infrafito
811 2410 876 2445 loco
887 2414 1002 2446 dicetur
1012 2436 1021 2445 .
1031 2412 1145 2445 demum
1151 2414 1353 2458 pauimentum
1373 2425 1391 2445 u
1413 2410 1570 2453 erslruitur'
1576 2433 1586 2449 ‚
1607 2416 1648 2451 dy
1656 2413 1681 2445 is
1691 2413 1761 2445 ordo
1770 2414 1799 2445 in
1807 2413 1993 2445 ruderatione

249 2459 391 2503 sternatur
401 2483 410 2493 ,
436 2460 646 2502 Ruderandum
655 2468 756 2493 autem
765 2458 802 2500 eft
809 2459 858 2493 uel
865 2462 937 2507 pede
944 2460 1035 2507 plano
1045 2482 1055 2498 ‚
1065 2459 1113 2494 uel
1121 2462 1150 2494 in
1166 2463 1381 2505 contignationi
1402 2472 1435 2493 us
1434 2459 1491 2503 sub
1500 2460 1579 2494 testo
1589 2482 1599 2497 ‚
1608 2460 1655 2494 uel
1659 2459 1751 2506 supra
1759 2460 1992 2504 contignationes

249 2506 307 2551 fitb
317 2509 395 2541 diuo.
412 2505 546 2542 omnibus
564 2506 611 2541 his
618 2507 691 2542 locis
699 2519 852 2541 commune
862 2508 916 2550 cst,
932 2507 1095 2549 instratum
1106 2532 1116 2546 ,
1125 2510 1203 2555 quod
1207 2507 1398 2551 substernitur
1398 2507 1493 2551 solido
1502 2530 1512 2546 ‚
1523 2514 1563 2548 (φ
1571 2508 1708 2556 aequabili
1725 2508 1790 2542 loco
1796 2509 1913 2541 nitatur
1922 2506 1988 2548 ,sed

258 2555 332 2590 alibi
341 2558 437 2590 maior
444 2555 595 2603 diligentia
605 2554 642 2598 est
650 2554 817 2590 adhibenda
827 2554 865 2590 ob
876 2559 961 2593 uitia,
971 2568 1032 2602 qux
1036 2555 1105 2598 fieri
1108 2556 1225 2604 poffitnt
1236 2559 1265 2590 in
1269 2559 1451 2605 pauimentis
1458 2559 1604 2591 struendis
1612 2579 1621 2595 ,
1632 2566 1665 2591 ut
1674 2559 1779 2590 dt‘rent
1787 2557 1827 2589 ad
1833 2553 1988 2596 uetustate.

261 2611 334 2639 Cum
346 2606 436 2650 igitur
443 2604 534 2652 plano
539 2606 615 2650 pede
630 2606 828 2639 ruderandum
837 2603 875 2646 est
883 2627 893 2642 ,
904 2604 952 2638 uel
961 2604 1043 2639 locus
1053 2607 1146 2639 omnis
1149 2605 1258 2647 solidus
1268 2607 1312 2640 est
1320 2629 1330 2644 ,
1342 2605 1394 2640 vel
1409 2614 1540 2653 exparte
1556 2605 1605 2639 uel
1615 2607 1728 2639 omnino
1745 2602 1928 2649 congefiitius
1937 2627 1946 2636 .
1958 2609 1992 2637 ln

251 2652 356 2700 plano,
369 2659 409 2693 ζῇ·
414 2664 470 2701 per
480 2663 577 2687 totum
580 2652 675 2696 fhlido
684 2653 759 2687 nihil
766 2652 849 2687 aliud
850 2652 1023 2698 fhciendum
1034 2652 1072 2695 esi
1083 2675 1092 2691 ,
1103 2653 1155 2697 nifi
1164 2656 1326 2688 curandum
1337 2677 1346 2692 ‚
1357 2663 1391 2688 ut
1399 2653 1685 2701 exaquenturplane*
1692 2674 1702 2690 ‚
1711 2654 1778 2686 inde
1789 2654 1947 2686 inducatur
1953 2652 1991 2685 cii

251 2700 411 2744 statumine
420 2703 526 2736 rudus.
553 2707 573 2736 S
575 2704 585 2735 i
595 2714 667 2736 uero
677 2700 862 2747 congestitius
872 2701 974 2749 aliqua
984 2711 1118 2748 exparte
1128 2702 1177 2735 uel
1186 2705 1302 2736 omnino
1305 2703 1399 2747 fuerit
1404 2702 1487 2750 palai
1494 2701 1618 2739 ionibus,
1625 2700 1717 2748 palis,
1728 2710 1781 2735 aut
1784 2699 1908 2744 sublicis
1914 2698 1991 2741 uslu-

256 2749 327 2783 latis
339 2750 465 2792 confixis
473 2773 484 2788 ,
495 2756 536 2790 (φ
557 2751 702 2785 machinis
708 2751 822 2784 adac‘lis
823 2750 977 2793 solidetur,
990 2749 1151 2792 &fistucis
1161 2761 1341 2797 exaequetur,
1351 2757 1391 2790 (φ
1396 2750 1545 2792 firmetur,
1556 2755 1597 2789 ά·
1604 2752 1648 2784 ita
1656 2751 1814 2784 inducatur
1820 2760 1887 2784 cum
1892 2747 1990 2790 statu-

254 2800 332 2831 mine
344 2797 520 2840 raduanus}
529 2805 570 2838 (ff
576 2802 715 2846 primum,
729 2798 930 2841 &secundum
935 2796 1060 2840 [iratum
1069 2821 1078 2836 ‚
1087 2808 1178 2845 atque
1187 2801 1216 2833 id
1225 2799 1434 2842 obseruandum
1441 2797 1479 2840 est
1487 2801 1517 2831 in
1524 2797 1598 2832 locis
1605 2820 1616 2835 ‚
1627 2810 1689 2844 qua:
1693 2798 1786 2845 plano
1793 2798 1869 2844 pede
1870 2796 1962 2839 fiunt.

255 2852 272 2880 Ι
275 2857 292 2879 n
301 2846 574 2891 contignationibus
583 2859 652 2881 uero
663 2870 673 2886 ‚
683 2859 740 2882 non
751 2849 852 2881 eadem
862 2849 1033 2894 exaequandi
1041 2859 1113 2881 cura
1122 2848 1167 2882 est
1183 2847 1350 2882 adhibenda
1358 2870 1368 2885 ‚
1377 2858 1445 2882 cum
1453 2846 1512 2893 ipfiz
1521 2848 1684 2894 exaequatio
1696 2857 1750 2894 per
1751 2846 1783 2890 [ὲ
1783 2845 1872 2890 fasta
1873 2844 1916 2889 fit
1925 2843 1991 2887 ‚sed

254 2895 362 2927 maiori
363 2895 456 2936 studio
462 2898 675 2942 prouidendum
683 2919 693 2934 ,
705 2904 739 2930 ut
749 2899 913 2944 exaequatio
931 2895 1116 2938 conseruetur
1125 2910 1137 2929 .·
1146 2907 1216 2930 nam
1226 2897 1342 2944 semper
1355 2897 1484 2943 parietes
1491 2894 1616 2938 fithfiint
1623 2917 1634 2932 ‚
1644 2897 1723 2942 quod
1729 2907 1786 2928 non
1795 2895 1835 2928 ad
1843 2893 1989 2936 fiammum

249 2945 442 2988 perueniunt.
468 2946 553 2978 Vnde
563 2947 704 2979 coaxatio
717 2956 774 2978 non
782 2947 875 2978 omnis
883 2946 911 2978 in
917 2945 1047 2991 parietes
1056 2943 1200 2979 incumbit
1209 2967 1220 2983 ,
1229 2956 1322 2993 quare
1331 2944 1401 2978 licet
1406 2943 1498 2991 plana
1506 2945 1653 2981 uideatur,
1656 2944 1731 2991 fitq;
1740 2955 1821 2980 uere,
1827 2951 1989 2987 antequam

251 2994 366 3037 pondus
374 2991 494 3037 aliquod
501 2994 681 3027 immittatur
694 3015 704 3030 ‚
714 3002 813 3027 tamen
820 2993 957 3027 adiunfft'o
966 3014 976 3029 ,
987 2991 1117 3039 &super
1124 2993 1257 3040 imposito
1270 2995 1400 3040 pondere
1414 2993 1610 3026 ruderationis
1622 3014 1631 3029 ,
1641 2998 1681 3032 (y
1686 2992 1850 3039 pauimenti
1853 2990 1969 3036 pandat
1977 3011 1988 3027 ‚

250 3048 344 3086 atque
352 3042 433 3074 oneri
443 3041 519 3075 cedit
531 3053 566 3076 ea
571 3049 661 3087 parte
669 3063 680 3079 ,
691 3053 750 3089 qua
754 3043 855 3089 paries
863 3052 920 3076 non
927 3041 967 3075 ad
975 3040 1123 3085 fitmmum
1134 3044 1266 3090 peruenit
1275 3066 1286 3077 .
1320 3040 1495 3078 'Periculum
1503 3042 1575 3075 item
1592 3039 1629 3084 eft
1637 3053 1677 3076 ex
1685 3036 1990 3130 arefhfflss’·&s·¹gce‘

574 3110 576 3113 .
1839 3097 1915 3121 centl
1939 3099 1985 3127 Μ,

2045 589 2090 614 10

2041 1082 2086 1104 20

2035 1570 2079 1604 30

2025 2063 2072 2098 40

2017 3040 2063 3073 60
