2241 3318
711 97 1207 141 Quimrass.
1807 111 1879 141 191.

152 169 272 217 ἔθιζε-,ῤ’
284 171 328 204 ita
336 167 600 216 asienfiones'aeque
610 166 886 209 distribuenturmon
897 177 997 202 tamen
1005 169 1175 212 negauerim
1183 167 1260 200 alios
1266 169 1368 202 aditus
1377 190 1385 204 ‚
1396 170 1532 217 exitusq‘;
1542 169 1596 213 effe
1605 168 1764 212 fitciendos
1776 169 1886 212 jecun-

153 223 227 256 dum-
232 217 342 255 theatri
358 221 558 265 capacitatem
568 240 578 256 ,
583 217 635 261 βά
654 218 694 251 ad
697 218 846 265 pradilia„
864 217 1029 265 primarias
1038 215 1216 259 ascenfiones
1234 214 1440 262 dirigebantur
1447 240 1457 256 ‚
1468 217 1506 252 ob
1516 220 1756 253 commoditatem
1764 218 1817 265 alij
1824 222 1888 254 adi-

153 279 217 307 tm,
224 266 391 314 aftenfiiaq‘;
402 267 539 300 conteeii.

203 319 321 350 Svpim
362 327 470 349 autem
484 315 615 350 alternis
632 313 798 349 itineribus
817 338 825 353 ,
838 313 1017 361 superiores
1027 312 1120 346 cunei
1131 311 1230 355 medii
1239 311 1417 359 dirigantur
1425 337 1436 353 ‚
1446 315 1478 350 hi
1490 326 1595 349 autem
1613 316 1668 362 qui
1678 315 1789 350 suntin
1804 316 1889 355 imo,

151 370 184 402 δι
195 364 340 411 dirigunt
351 362 486 401 scalaria,
495 375 585 398 erunt
594 375 730 398 numero
742 361 871 407 septem.

197 419 265 448 Hoc
275 414 336 446 iam
346 413 455 446 dicium
465 414 521 450 est,
532 418 579 452 (φ’
586 410 796 460 respondebunt
801 410 916 458 septem
925 409 1044 455 angulis
1051 409 1265 455 trigonoruffed
1267 409 1421 457 supersunt
1430 413 1566 458 quinque,
1571 415 1621 460 qui
1627 416 1673 447 ita
1685 412 1886 447 distribuatur

201 462 253 495 RE
262 472 371 503 LIQ1
401 462 546 508 quinque
556 460 652 495 scenae
663 459 873 506 dclignabunr
889 458 1164 505 connpofitionem
1176 479 1185 494 ,
1195 462 1226 491 δέ
1238 471 1320 492 unus
1336 460 1459 492 medius
1470 472 1583 494 contra
1595 460 1622 494 se
1635 484 1644 498 ,
1655 462 1762 495 ualuas
1782 462 1884 507 regias
1912 494 1917 498 ,

149 509 263 544 habere
271 510 383 548 debet,
396 514 426 543 δι
440 510 494 556 qui
509 510 717 543 eruntdextra
728 521 763 542 ac
786 507 906 543 linistra
919 506 1128 554 hospitalium
1146 505 1357 554 designabunt
1373 508 1644 554 compolitionem
1656 533 1666 548 ‚
1676 511 1807 543 extremi
1819 509 1894 547 duo,

82 594 86 599 f
147 557 452 606 spe-‹stabuntitinera
469 556 678 592 ucrsurarum.

76 602 91 628 ¹
99 601 120 627 ο
198 609 295 652 Regia
303 605 398 640 ualuae
408 608 437 639 in
446 607 541 640 media
543 605 646 649 scena,
656 605 810 652 hospitalia
819 618 838 639 a
849 603 994 640 lateribus
1002 626 1012 642 ,
1023 610 1065 644 ῤ’
1073 616 1135 652 qua
1143 613 1232 651 parte
1239 606 1333 642 exire,
1341 609 1382 644 ῤ’·
1390 604 1449 638 alio
1452 604 1486 648 β’
1493 615 1608 639 uertere
1624 604 1764 640 uolebant
1774 628 1784 643 ‚
1800 610 1888 653 quin-

150 667 209 704 que
221 655 344 704 reliquis
350 657 448 689 cuneis
455 653 675 701 respondebunt.
688 652 745 691 ‚Ab
751 654 839 697 scena
848 656 887 689 ad
894 655 1007 688 theatri
1020 665 1131 687 cornua
1140 663 1224 687 erant
1232 654 1375 696 porticus,
1377 653 1429 696 sed
1444 665 1501 688 non
1520 656 1563 688 ita
1574 656 1722 692 continui,
1734 663 1768 687 ut
1777 667 1900 689 cornua*

149 704 264 738 theatri
274 712 429 748 tangerent
437 725 447 741 ‚
463 705 598 751 quamuis
608 705 637 737 in
647 702 799 750 aliquibus
809 702 932 749 uestigiis
940 703 998 737 hoc
1005 703 1139 739 uidetur,
1144 701 1196 744 sed
1212 711 1299 736 erant
1314 710 1457 749 tanquam
1473 702 1527 736 alae
1537 726 1545 741 ‚
1558 708 1598 741 (9-
1614 712 1787 750 pteromata
1801 703 1889 748 ipsius

144 752 291 797 scenio-ex
300 751 414 786 tabulis
421 761 522 786 autem
530 761 617 786 erant
627 763 667 786 ex
674 751 767 798 ‘Plinii
775 752 839 787 loco
842 753 860 795 J
861 753 934 799 upra
943 753 1037 785 citato
1045 752 1081 784 de
1088 752 1223 785 Curionis
1231 750 1362 785 theatro.
1373 752 1428 785 Sed
1436 752 1506 798 quid
1515 752 1617 795 refert,
1627 762 1666 784 an
1675 756 1705 786 V
1706 753 1812 797 iti-,pro
1821 762 1890 784 ucr-

143 801 217 845 fiira
231 801 385 846 intelligat,
396 802 425 835 id
433 801 512 847 quod
520 803 610 834 etiam
620 802 708 834 tertio
717 799 794 834 libro
803 801 950 836 intellexit
960 821 970 837 ‚
982 811 1049 834 cum
1056 798 1096 833 ab
1105 811 1163 833 uno
1170 798 1266 834 latere
1273 798 1383 845 angulo
1400 801 1570 834 intermedio
1588 801 1628 835 ad
1642 799 1726 834 aliud
1738 798 1819 834 latus
1836 810 1891 833 nos

149 851 301 886 uei-timus,
317 854 358 888 (9-
367 851 456 883 etiam
464 851 494 882 in
496 848 558 891 fine
573 849 659 883 huius
667 851 773 896 capitis
780 852 855 884 idem
864 851 948 884 dicit.

198 898 231 931 G
239 909 283 931 Μ
291 909 314 930 ι)
324 909 361 931 vs
393 895 650 944 spectaculorum
669 898 724 931 ubi
737 897 879 932 subsellia
895 908 1137 944 componantur
1148 919 1158 936 ,
1168 909 1206 931 ne
1215 897 1319 933 minus
1337 897 1390 931 alti
1408 897 1466 932 lint
1476 896 1668 946 palmopede
1677 918 1688 935 2
1698 908 1739 932 ne
1749 897 1820 943 plus
1829 907 1889 943 pe-

147 945 200 986 dc,
209 949 241 980 &
250 946 361 991 digitis
376 944 436 985 sex,
448 946 629 980 latitudines
641 958 747 980 earum
761 958 800 980 ne
810 947 881 992 plus
890 947 985 991 pedes
998 946 1081 980 duos
1090 944 1182 980 semis
1194 969 1203 984 ,
1216 959 1255 979 ne
1273 947 1377 980 minus
1395 945 1491 993 pedes
1510 946 1593 980 duos
1611 945 1859 981 constituantur.

198 994 568 1041 Gradusspeffaculorum
575 996 649 1029 idest
659 1005 731 1042 opus
739 994 885 1042 lapideum
893 997 922 1028 in
933 1007 992 1042 quo
1010 993 1262 1037 circumsedebant
1264 996 1453 1041 speft'atores,
1463 1007 1519 1028 non
1523 994 1584 1039 sint
1592 997 1686 1029 minus
1694 994 1752 1029 alti
1758 996 1828 1042 quin
1851 1004 1888 1027 ue

143 1042 266 1092 palmis,
275 1045 352 1078 ides'i
359 1045 465 1089 uiginti
471 1045 578 1089 digitos
587 1066 597 1082 ‚
607 1055 660 1078 nec
664 1043 739 1091 pluis
749 1045 820 1087 pede
829 1055 887 1078 nno
898 1045 997 1089 digitis
999 1043 1067 1087 βπ.
1093 1050 1188 1078 Erant
1197 1046 1286 1077 etiam
1294 1046 1323 1077 in
1331 1043 1485 1078 orcheHra
1495 1043 1614 1086 sedendi
1628 1006 1898 1086 locasenatoribns·

74 1090 118 1117 ²0
149 1097 191 1131 ώ-
202 1092 357 1126 honoratis
366 1091 531 1126 hominibus
537 1102 706 1140 praeparata
720 1091 878 1127 altioribus
887 1092 961 1126 locis
971 1114 980 1129 ,
989 1094 1018 1125 in
1027 1091 1134 1140 quibus
1135 1091 1269 1134 fiibsellia
1274 1102 1331 1139 pro
1349 1100 1482 1140 tempore
1497 1091 1720 1126 collocabantur
1730 1116 1739 1125 .
1766 1092 1835 1125 Ideo
1843 1089 1889 1124 le-

143 1143 229 1186 gitur
230 1140 402 1183 ftnatorum
411 1141 565 1187 prudentia
573 1139 693 1185 Nasica
700 1143 812 1174 monitu
817 1139 1002 1188 prohibitum
1005 1141 1092 1185 fuisse
1094 1140 1227 1184 subsellia
1232 1143 1304 1188 poni
1312 1163 1322 1178 ,
1331 1153 1396 1187 quae
1403 1151 1458 1188 pro
1468 1149 1599 1188 tempore
1607 1142 1637 1174 in
1654 1140 1806 1174 theatrum
1807 1139 1890 1183 fere-

147 1189 270 1226 bantur,
281 1194 322 1228 Θ
331 1191 389 1223 iam
397 1198 490 1234 coepta
498 1187 537 1222 ab
545 1189 649 1235 aliy'sin
660 1189 739 1233 usum
756 1191 837 1235 poni.
849 1197 919 1224 Haec
930 1191 1026 1223 Diuus
1033 1191 1237 1235 Augustinus.
1249 1196 1322 1236 Cap.
1338 1201 1392 1234 30.
1399 1191 1498 1237 primo
1516 1192 1551 1223 de
1568 1191 1690 1223 ciuitate
1707 1190 1784 1222 Dei.
1812 1193 1890 1221 Ecce

147 1239 228 1286 quod
243 1247 367 1284 apparet
370 1236 426 1281 fid)
423 1238 506 1280 sellia
519 1237 660 1272 nobilium
668 1239 768 1284 afferri
777 1237 878 1279 solita,
891 1245 931 1278 <5-
939 1237 1005 1272 loco
1009 1237 1155 1284 gradibus
1165 1240 1305 1272 eminenti
1310 1240 1381 1286 poni
1391 1263 1399 1272 .
1425 1244 1462 1273 M
1466 1250 1497 1271 os
1500 1238 1563 1281 fuit
1566 1238 1663 1284 spatio
1671 1248 1814 1271 annorum
1823 1247 1890 1269 am-

144 1285 227 1335 plius
236 1289 458 1334 quingentorum
463 1286 600 1329 senatum
610 1298 677 1320 cum
682 1285 793 1335 populo
799 1289 983 1333 permixtum
987 1286 1163 1332 speciaculis
1175 1286 1322 1330 intereffe.
1332 1288 1390 1322 Sed
1405 1286 1541 1322 Attilius
1550 1292 1699 1320 Serannus
1710 1307 1719 1322 ‚
1732 1290 1771 1323 cy·
1782 1286 1890 1318 Lucius

148 1334 319 1369 Scribonius
327 1334 598 1376 aedilessententiam
606 1337 727 1369 maioris
746 1335 920 1382 .Apl)ricani
920 1335 1030 1378 secuti,
1039 1335 1176 1382 fi²parari
1197 1334 1338 1379 iufferunt
1346 1335 1413 1371 loca
1418 1335 1589 1377 senatorum
1601 1333 1640 1368 ab
1649 1334 1714 1381 alijs
1724 1355 1735 1371 ‚
1747 1345 1836 1380 qnam
1853 1331 1891 1366 ob

148 1394 211 1417 mn
219 1382 301 1428 uulgi
309 1385 399 1416 animi
407 1382 446 1417 ab
455 1385 587 1430 Scipione
597 1382 720 1418 alienati
722 1385 820 1428 fuere.
837 1387 893 1419 Sed
906 1396 958 1418 nos
966 1385 1007 1418 ad
1019 1395 1083 1418 rem
1092 1408 1101 1417 .
1128 1383 1284 1427 'Posuimus
1299 1383 1357 1419 tibi
1371 1383 1522 1430 uestigium
1533 1385 1677 1428 ‚frontem
1685 1405 1696 1421 ‚
1710 1381 1892 1428 &sciogras

144 1431 252 1481 phiam
260 1431 691 1480 theatri,&scenam,utpoffis
698 1434 774 1468 unde
789 1432 918 1469 uolueris
926 1431 1064 1480 exempla
1065 1431 1193 1477 ficmere.

75 1545 143 1619 μ’
377 1553 466 1604 De
477 1555 592 1605 tedio
603 1554 810 1629 porticus
832 1550 1048 1608 Theatri.
1370 1555 1481 1629 Cap.
1563 1552 1617 1605 V
1620 1553 1648 1604 I
1661 1553 1698 1605 l.

164 1699 278 1705 -——-
290 1688 304 1693 ’
344 1675 483 1712 ΕςτνΜ
513 1675 669 1725 porticus,
679 1678 769 1725 quod
780 1677 924 1713 futurum
937 1677 1025 1713 estin
1037 1677 1157 1713 summa
1168 1677 1442 1726 gradatione,cum
1454 1673 1551 1710 scenae
1559 1674 1888 1711 altitudine-libratum

178 1762 188 1769 ,-
275 1746 304 1775 ‘³1
372 1724 564 1770 perficiatur.
575 1727 656 1760 Ideo
665 1727 755 1771 quod
767 1739 829 1761 uox
838 1725 977 1761 crescens
992 1728 1154 1773 aequaliter
1162 1727 1201 1760 ad
1219 1726 1355 1760 summas
1364 1725 1566 1772 gradationes
1575 1750 1585 1762 .
1595 1730 1626 1760 δι
1637 1726 1758 1759 ιεᾶυιῃ
1779 1736 1892 1770 perue-

157 1768 228 1839 ’ἓν
371 1774 450 1808 niet.
476 1775 600 1821 Namq3
613 1774 633 1808 fi
644 1787 711 1808 non
728 1775 786 1808 erit
796 1775 916 1821 aequale
926 1799 936 1814 ‚
947 1788 1014 1822 quo
1025 1775 1130 1809 minus
1140 1773 1234 1810 fuerit
1243 1776 1362 1813 altum,
1375 1786 1437 1808 uox
1450 1774 1647 1822 praeripietur
1655 1774 1694 1809 ad
1705 1784 1773 1808 eam
1782 1772 1891 1806 altitu·

157 1843 281 1856 k.-·-——--
927 1847 936 1856 Ι
1243 1855 1249 1858 ,

165 1841 169 1843 ⁷
321 1821 338 1861 j
370 1821 477 1855 dinem
487 1823 524 1856 ad
536 1835 631 1869 quam
643 1835 805 1865 perueniet
818 1835 924 1868 primo

198 1869 318 1916 Insuper
323 1871 515 1915 gradationes
522 1871 674 1906 theatrum
680 1873 798 1918 porticu
807 1873 1064 1907 circumuallatum
1073 1881 1150 1910 erat,
1160 1874 1200 1907 ad
1206 1872 1319 1907 theatri
1328 1885 1432 1908 aream
1436 1870 1591 1919 spectabat
1600 1895 1609 1909 ‚
1614 1871 1666 1915 sed
1674 1884 1694 1906 a
1703 1880 1786 1919 tergo
1792 1875 1894 1921 parie-

152 1917 237 1952 tibus
247 1916 469 1957 obducebatur,
479 1929 512 1954 ut
523 1931 585 1954 uox
595 1922 724 1967 undique
740 1920 907 1963 refhnaret.
933 1926 1029 1969 Supra
1037 1922 1188 1955 theatrum
1206 1924 1295 1956 etiam
1310 1922 1409 1956 uelum
1417 1919 1595 1956 tendebatur
1612 1929 1750 1955 ornatum
1756 1922 1895 1966 ,&insi-

143 1967 262 2012 gnitum
265 1964 355 2007 stellis
362 1988 373 2005 ,
383 1967 434 2003 uel
441 1967 502 2002 alia
511 1981 553 2006 re,
563 1977 626 2002 tum
635 1979 669 2002 ut
681 1980 785 2002 uocem
794 1971 968 2007 contineret,
979 1978 1043 2004 tum
1051 1980 1085 2004 ut
1093 1970 1190 2004 solem
1198 1979 1315 2004 arceret
1326 1996 1335 2004 .
1361 1973 1507 2005 ‘Porticus
1513 1978 1613 2003 autem
1621 1970 1671 2003 illa
1687 1969 1776 2004 ualde
1791 1969 1895 2005 elabo-

153 2023 252 2048 ratum
264 2015 596 2062 opuspra‘fcrebatffiib
602 2016 635 2060 fis
645 2016 880 2051 colunmationes
886 2018 966 2052 alias
975 2017 1108 2053 habebat
1122 2041 1132 2056 ‚
1143 2017 1250 2067 quibus
1259 2018 1473 2066 fiipcriorpars
1481 2016 1668 2062 fulciebatur
1677 2042 1686 2051 .
1712 2020 1768 2052 Sed
1775 2022 1804 2053 in
1811 2029 1894 2066 par..

72 2068 121 2110 4ο
149 2066 398 2098 ῑεφηέχῑενίονενη
418 2074 564 2112 apertas,
576 2072 617 2105 (9-
627 2066 684 2100 hoc
695 2068 725 2100 in
743 2065 923 2113 atripliffimis
939 2067 1067 2101 theatris
1079 2093 1088 2101 .
1116 2074 1256 2102 Caterum
1274 2068 1315 2101 ha
1319 2071 1457 2115 porticus
1473 2066 1601 2113 duplices
1604 2064 1737 2108 fiebant,
1748 2077 1781 2102 nt
1790 2067 1893 2101 melius

151 2109 261 2147 imbres
270 2124 289 2145 a
299 2112 485 2148 multitudine
494 2117 586 2148 uitari
593 2114 706 2161 possent
719 2140 728 2147 .
739 2115 845 2148 harum
855 2115 1091 2150 coltimnationes
1107 2126 1194 2163 opere
1199 2115 1294 2160 solido
1305 2114 1478 2158 constabant
1487 2137 1497 2152 ‚
1508 2114 1641 2162 earumq;
1658 2113 1834 2150 lineamenta
1851 2115 1893 2151 ab

150 2157 280 2195 arcubus
289 2160 522 2205 desumebantur,
532 2173 566 2196 ut
575 2165 619 2198 ait
626 2163 782 2199 „albertus
793 2170 859 2198 Leo.
1470 2203 1472 2205 ,

203 2208 345 2243 ORCHE
354 2223 367 2243 s
376 2223 397 2245 τ
406 2223 452 2245 RA
480 2212 564 2245 inter
576 2212 693 2258 gradus
705 2213 789 2245 imos
800 2236 809 2250 ‚
822 2226 915 2258 quam
927 2213 1109 2248 diametron
1120 2213 1265 2248 habuerit
1274 2236 1284 2251 ,
1295 2214 1360 2248 eius
1371 2211 1448 2247 sexta
1459 2226 1529 2258 pars
1538 2211 1687 2252 sumatur,
1701 2213 1774 2248 &in
1785 2213 1895 2247 corni-

151 2255 224 2294 bus,
235 2258 392 2306 circumc'];
402 2259 505 2294 aditus
525 2260 563 2293 ad
573 2262 640 2294 eius
662 2260 811 2294 mensurae
829 2263 1093 2309 perpendiculum
1111 2261 1278 2297 inferiores
1288 2262 1372 2297 sedes
1391 2263 1599 2307 praecidantur
1609 2285 1619 2301 ,
1636 2266 1667 2296 δεῖ
1677 2276 1739 2309 qua
1749 2261 1893 2308 praecilio

152 2303 249 2339 fuerit
261 2305 304 2340 ibi
319 2306 686 2343 constituituritinerum
697 2308 859 2355 supercilia
873 2333 881 2348 ‚
892 2313 933 2344 ita
943 2313 1028 2345 enim
1038 2310 1108 2346 satis
1127 2312 1297 2346 altitudine
1305 2310 1464 2345 habebunt
1477 2323 1589 2344 eorum
1601 2309 1894 2344 conformationes.

201 2357 327 2390 ‘Primus
330 2358 479 2400 graduum
487 2360 558 2392 ordo
567 2369 625 2392 non
629 2357 731 2400 statim
739 2371 758 2392 a
766 2367 848 2392 terra
857 2361 973 2394 cretius
982 2369 1058 2398 erat,
1067 2371 1136 2394 nam
1145 2359 1292 2407 depreffiis
1301 2362 1386 2394 nimis
1388 2359 1569 2404 fuiffi'taeum
1572 2361 1687 2405 gradus
1694 2361 1766 2393 duos
1775 2368 1893 2393 tantum

147 2405 252 2452 pedem
255 2404 345 2446 semis
353 2404 411 2438 alti
417 2404 505 2449 essent
513 2429 523 2444 ‚
534 2405 714 2450 &subsellia
724 2419 840 2454 quoque
848 2410 877 2443 in
887 2407 1033 2450 orchestra
1041 2408 1116 2443 locis
1134 2407 1327 2442 eminentibus
1345 2409 1489 2443 collocata
1499 2433 1508 2440 .
1540 2410 1609 2443 Ideo
1618 2415 1648 2443 V
1648 2410 1699 2442 itr.
1708 2417 1807 2442 monet
1811 2406 1892 2449 sex-

151 2461 215 2486 tam
223 2454 360 2486 diametri
369 2453 517 2495 orchestra
520 2465 639 2502 partem
640 2455 814 2499 sumendam
821 2478 832 2494 ‚
842 2468 907 2490 eam
917 2457 971 2501 effe
980 2456 1168 2491 altitudinem
1176 2458 1252 2491 illius
1260 2459 1338 2491 muri
1353 2466 1497 2503 tanquam
1507 2455 1685 2498 stereobatis
1694 2479 1704 2494 ,
1716 2458 1770 2504 qui
1778 2454 1893 2489 orche-

147 2499 238 2542 stram
246 2499 354 2539 ambit,
363 2504 392 2536 in
405 2505 490 2537 cuius
509 2502 627 2539 ambitu
647 2506 845 2552 praeciduntur
860 2507 965 2540 itinera
974 2507 1014 2540 ad
1028 2505 1159 2549 aftenfiis
1167 2528 1177 2543 ‚
1192 2505 1339 2548 &scalas
1346 2528 1356 2544 ,
1371 2511 1411 2544 &
1427 2518 1487 2552 qua
1496 2514 1585 2551 parte
1590 2507 1689 2551 prima
1697 2502 1893 2550 pmcifiofa-

79 2561 122 2598 50
154 2549 202 2582 &a
205 2550 314 2594 fixerit,
323 2548 367 2584 ibi
366 2550 526 2598 fiipercilia
534 2561 678 2600 tanquam
681 2553 772 2600 supra
782 2553 924 2588 limitaria
933 2564 1096 2602 ponantur,
1106 2563 1141 2588 ut
1150 2553 1192 2588 ibi
1198 2554 1330 2598 ascensus
1338 2556 1453 2588 initium
1457 2552 1642 2600 fignificetur
1649 2555 1716 2598 esse.
1726 2554 1894 2599 apertiones

153 2608 223 2642 ergo
231 2597 392 2642 huiusmodi
402 2609 466 2633 tam
474 2600 542 2635 altae
549 2611 635 2636 erant
643 2625 654 2640 ‚
663 2604 755 2649 qud-m
758 2601 848 2644 sexta
857 2604 992 2637 diametri
1008 2601 1158 2645 orchestra
1163 2612 1236 2650 pars
1245 2628 1255 2637 .

200 2646 352 2681 SCENAE
377 2648 553 2696 longitudo
563 2651 602 2683 ad
621 2650 788 2684 orchestra:
806 2651 988 2685 diametron
1006 2651 1121 2697 duplex
1138 2649 1206 2685 fieri
1220 2651 1316 2685 debet
1326 2676 1335 2685 .
1348 2691 1350 2693 Ι
1364 2650 1455 2694 Podij
1473 2649 1613 2684 altitudo
1631 2648 1670 2682 ab
1693 2647 1890 2682 libramento

153 2694 269 2742 pulpiti
282 2707 357 2729 cum
366 2707 497 2735 corona,
508 2702 540 2733 &
550 2698 603 2746 lyfi
614 2699 805 2733 duodecima
818 2699 982 2734 orchestrae
994 2700 1160 2734 diametri.
1186 2701 1284 2746 Supra
1297 2699 1434 2746 podium
1455 2700 1614 2733 columnae
1635 2710 1709 2731 cum
1722 2697 1867 2742 capitulis
1876 2718 1888 2734 ,

153 2746 186 2777 δι
196 2741 282 2788 spiris
289 2744 359 2777 altae
368 2756 480 2791 quarta
490 2758 577 2792 parte
587 2746 724 2781 eiusdem
734 2747 880 2781 diametri
892 2773 900 2781 .
910 2747 1061 2795 Epistylia
1073 2773 1083 2786 ‚
1095 2752 1126 2783 &
1136 2759 1326 2782 ornamenta
1336 2759 1443 2781 earum
1456 2748 1696 2784 columnarum,
1709 2746 1801 2779 altitu
1808 2744 1892 2778 dinis

151 2791 266 2872 puinta
282 2803 371 2837 parte
381 2817 392 2831 .
403 2795 484 2828 Item
501 2794 621 2831 fi-tertia
630 2793 797 2843 episcenos
806 2795 914 2830 futura
923 2796 1133 2834 erit,mediani
1146 2797 1244 2842 plutei
1255 2794 1413 2830 summum
1426 2794 1462 2828 lit
1478 2795 1609 2828 dimidia
1620 2805 1718 2839 parte,
1729 2793 1892 2827 columnae

166 2851 280 2873 ummae
289 2840 507 2877 medianarum
527 2845 630 2878 minus
650 2845 720 2879 altae
732 2844 790 2878 lint
800 2855 911 2891 quarta
921 2855 1011 2891 parte
1021 2869 1031 2879 .
1058 2844 1212 2892 Epistylia
1222 2857 1297 2879 cum
1315 2845 1445 2878 coronis
1461 2855 1569 2878 earum
1581 2844 1804 2877 columnarum
1813 2842 1894 2876 item

151 2886 287 2922 habeant
295 2888 469 2924 altitudinis
479 2892 622 2938 quintam
634 2904 754 2939 partem
765 2917 776 2927 .

200 2935 355 2973 ,Albertus
363 2944 420 2972 Leo
429 2940 527 2986 inquit
534 2952 634 2976 eorum
637 2944 788 2989 parietum
790 2942 996 2986 fundamenta,
1007 2944 1058 2989 qui
1064 2944 1105 2977 ad
1112 2951 1263 2977 extremos
1272 2964 1282 2978 ,
1293 2946 1334 2980 &⁸
1341 2942 1516 2974 remotiores
1531 2953 1550 2974 a
1559 2948 1660 2975 centro
1665 2940 1782 2985 gradus
1789 2938 1889 2982 ascen-

80 3026 82 3028 γ
151 2986 310 3023 dunt,tam
319 2985 543 3033 longeacentro
557 2991 690 3025 iacienda
701 2991 771 3035 esse,
781 2999 924 3038 quantum
934 2990 1217 3033 estsemidiametros
1234 2991 1332 3023 mediat
1341 3001 1414 3022 area
1432 3000 1501 3023 cum
1517 2991 1606 3024 tortia
1624 2991 1686 3022 eius
1698 2997 1805 3035 parte.
1833 2985 1889 3020 Sed

78 3038 124 3072 60
147 3035 399 3083 primo-‹gradus›
411 3036 486 3072 idest
501 3045 602 3075 centro
608 3040 784 3086 proximos,
795 3040 1009 3079 &imosmnde
1017 3041 1120 3088 incipit
1131 3040 1273 3086 gradatio
1282 3059 1293 3077 ,
1302 3048 1359 3072 non
1368 3036 1470 3081 statim
1478 3050 1497 3072 a
1500 3037 1566 3082 solo
1581 3035 1796 3077 construendos,
1800 3034 1854 3077 sed
1861 3036 1891 3083 {n

1771 3089 1889 3118 maenis
