2241 3318
820 111 849 139 D
898 109 1226 144 acam-V
1274 110 1308 141 ς.
1853 119 1921 157 349

166 176 263 213 uatis,
272 185 312 209 ex
319 173 441 219 uirgulta·
450 174 527 210 enim
542 180 686 221 tanquam
695 172 773 217 ansis
782 184 849 207 cum
866 174 1016 226 tympanis
1043 176 1207 210 coniunc't'is
1217 175 1318 222 sigilla
1332 178 1531 222 egrediuntur,
1543 185 1578 211 ut
1588 178 1617 210 in
1627 188 1702 211 nono
1712 176 1871 225 fhperioris
1879 179 1920 213 li·

172 224 225 260 bri
233 226 332 271 capite
339 222 438 267 uidiffie
451 226 616 272 potuimus,
627 233 694 258 cum
703 220 906 267 dehorologtjs
915 229 1069 268 ageretur.

1232 273 1379 309 Machina
1392 273 1535 318 Ctefibica
1545 300 1555 309 .

90 574 143 607 ‘10

1573 766 1583 778 f

1696 892 1709 898 -

1576 935 1684 989 ,W

1631 1030 1657 1041 a

90 1064 143 1103 [ιο
1601 1067 1607 1070 κ

1608 1040 1651 1067 sl

1675 1118 1680 1121 ’
1662 1022 1703 1047 lll:

365 1488 449 1540 De
468 1482 754 1565 hydraulicis
775 1482 1003 1541 machinis
1026 1524 1041 1546 ,
1066 1482 1234 1560 quibus
1268 1504 1443 1560 organa
1476 1472 1724 1557 perfician-

96 1556 144 1595 3⁰
553 1578 659 1618 tur.
1167 1566 1279 1640 Cap.
1360 1564 1526 1619 Xlll.

203 1701 331 1712 ..ι-μ-

297 1715 345 1757 ,γὲ
369 1697 398 1732 E
423 1696 613 1744 hydraulicis
624 1708 731 1733 autem
741 1710 818 1746 quas
827 1697 966 1733 habeant
977 1695 1355 1746 ratiocinationes,quam
1365 1695 1555 1732 breuissime
1565 1695 1747 1743 proximedp
1760 1694 1918 1742 attingere

196 1784 199 1787 ,
318 1758 346 1796 ἐ(
388 1756 518 1795 potem,
527 1749 559 1780 &
569 1746 720 1792 scriptura
737 1744 909 1794 consequi,
921 1758 989 1780 non
1007 1747 1249 1792 praetermittam
1262 1772 1271 1780 .
1299 1748 1354 1781 De
1374 1747 1506 1781 materia
1526 1746 1696 1793 compaCht
1710 1742 1773 1779 basi
1783 1765 1793 1781 ‚
1803 1756 1873 1777 arca
1884 1744 1919 1777 in

178 1796 204 1864 ᾖ
312 1799 346 1854 ες(
389 1808 424 1829 ea
434 1807 470 1829 ex
481 1807 541 1829 aere
552 1793 704 1829 fabricata
715 1796 901 1830 collocatur
910 1820 919 1829 .
950 1796 1049 1841 Supra
1059 1793 1157 1828 basim
1176 1796 1345 1842 eriguntur
1363 1796 1482 1842 regulae
1492 1794 1604 1828 dextra
1614 1819 1623 1833 ,
1633 1807 1669 1828 ac
1681 1791 1800 1828 sinistra
1810 1790 1921 1826 scalari

192 1866 222 1877 .-,
298 1845 327 1855 “²
338 1848 345 1855 ’“
389 1842 494 1878 forma
505 1843 814 1891 compa&ae‚quibus
825 1845 1032 1879 includuntur
1041 1844 1112 1877 aerei
1125 1843 1266 1878 modioli
1277 1843 1420 1879 fundulis
1430 1843 1671 1878 ambulatilibus
1689 1855 1725 1876 ex
1737 1853 1836 1876 torno
1847 1839 1920 1874 sub-

167 1893 269 1927 tiliter
278 1891 426 1931 subactis,
435 1891 624 1926 habentibus
635 1891 718 1927 fixos
728 1893 759 1926 in
772 1893 882 1928 medio
893 1891 1014 1926 ferreos
1022 1904 1176 1931 anconeS,
1185 1896 1218 1927 ὃ(
1228 1894 1392 1928 uerticulis
1402 1906 1475 1927 cum
1487 1892 1634 1926 uectibus
1644 1890 1838 1926 coniunems
1850 1891 1922 1936 pel-

168 1940 289 1987 libuscss
302 1942 413 1976 lanatis
422 1942 590 1976 inuolutos
601 1966 610 1975 .
636 1943 718 1975 Item
728 1942 761 1975 in
772 1940 893 1977 summa
905 1941 1035 1987 planitia
1047 1939 1204 1975 foramina
1214 1942 1343 1976 circiter
1359 1942 1539 1988 digitorum
1560 1953 1689 1975 ternum
1701 1964 1710 1976 ,
1719 1939 1837 1986 quibus
1866 1936 1920 1972 fo-

166 1989 344 2024 raminibus
353 1991 501 2037 proxime
510 1990 542 2023 in
554 1991 715 2024 uerticulis
726 1991 878 2024 collocati
897 1990 969 2024 aerei
979 1989 1135 2036 Delphini
1147 2013 1156 2027 ‚
1170 1990 1339 2035 pendentia
1361 1990 1512 2025 habentes
1522 1990 1641 2024 catenis
1660 1989 1802 2035 cymbala
1813 2000 1849 2020 ex
1859 1999 1920 2020 aere

168 2037 254 2072 infra
264 2036 423 2073 foramina
443 2039 669 2074 modiolorum
687 2039 807 2073 chalata
817 2041 897 2073 intra
918 2051 1108 2086 arcam‚quo
1118 2039 1182 2072 loci
1200 2052 1282 2086 aqua
1292 2038 1462 2074 sustinetur
1473 2065 1482 2074 .
1511 2038 1594 2073 Inest
1604 2039 1635 2072 in
1645 2038 1677 2072 id
1700 2049 1801 2084 genus
1813 2037 1859 2070 uti
1871 2037 1921 2069 in-

93 2074 143 2110 4⁰
168 2085 548 2122 fundibuluminuersum
560 2111 569 2126 ,
581 2088 673 2133 quod
690 2086 797 2122 subter
809 2089 906 2121 taxilli
926 2088 981 2121 alti
991 2089 1117 2121 circiter
1134 2087 1317 2134 digitorum
1336 2100 1463 2122 ternum
1482 2086 1636 2133 suppositi
1649 2085 1766 2120 librant
1783 2083 1920 2131 spatium

168 2135 283 2176 imum,
293 2137 358 2170 ima
368 2137 452 2170 inter
461 2137 546 2170 labra
556 2135 713 2183 pbigaeos‚
723 2140 755 2171 &
764 2149 841 2171 arcae
852 2135 988 2170 fundum
999 2161 1008 2171 .
1036 2137 1135 2182 Supra
1146 2147 1253 2170 autem
1272 2137 1466 2170 ceruiculam
1480 2137 1547 2170 eius
1571 2136 1795 2181 coagmentata
1814 2134 1921 2168 arcula

168 2182 298 2219 sustinet
306 2196 401 2232 caput
412 2185 580 2223 machinae,
593 2197 655 2232 que
666 2184 783 2220 Graece
792 2185 874 2217 καινῶν
881 2184 993 2223 Immo}
1003 2186 1179 2232 appellatur
1190 2211 1200 2224 ‚
1210 2186 1243 2219 in
1254 2186 1343 2219 cuius
1357 2184 1563 2232 longitudine
1573 2184 1695 2218 canales
1705 2183 1725 2216 fi
1739 2182 1919 2217 tetrachor-

163 2232 231 2267 *dos
240 2232 383 2271 est‚fiunt
393 2245 551 2281 quatuor:
563 2232 585 2267 fi
602 2234 803 2268 exachordos
813 2257 823 2272 ‚
835 2232 885 2268 sex
896 2248 904 2268 :
917 2235 939 2269 st
956 2233 1184 2269 oetochordos
1195 2259 1204 2272 ,
1214 2234 1293 2267 ofto
1305 2259 1314 2267 .
1340 2235 1481 2282 Singulis
1498 2245 1607 2268 autem
1626 2232 1786 2267 canalibus
1797 2230 1920 2279 lingula

163 2280 338 2328 epistomia
348 2280 417 2316 sunt
426 2279 544 2316 inclusa
554 2283 729 2326 manubrijs
741 2282 848 2316 ferreis
857 2284 1021 2317 collocata
1033 2295 1124 2329 ,quae
1146 2283 1313 2317 manubria
1329 2295 1403 2316 cum
1423 2293 1687 2328 torquentur‚cx
1710 2293 1781 2315 arca
1800 2278 1920 2326 patefa-

162 2331 261 2365 'ciunt
271 2342 359 2364 nares
367 2332 401 2364 in
411 2332 597 2365 canales-Ex
608 2331 770 2366 canalibus
781 2341 887 2366 autern
898 2345 1002 2366 canon
1013 2332 1110 2365 habet
1120 2332 1269 2365 ordinata
1280 2332 1311 2366 in
1323 2330 1495 2367 transuerso
1511 2330 1669 2365 foramina
1693 2328 1919 2377 respondentia

168 2380 204 2414 in
214 2378 356 2417 naribus,
365 2391 435 2426 quae
450 2377 518 2413 sunt
530 2382 562 2414 in
572 2379 679 2413 tabula
690 2378 824 2419 summa,
836 2393 905 2427 quae
922 2381 1030 2415 tabula
1041 2379 1251 2416 Graecem‘voei
1260 2380 1389 2415 dicitur.
1403 2383 1492 2414 Inter
1502 2380 1690 2417 tabulam‚&
1700 2390 1858 2412 canonem
1870 2389 1919 2412 re·-

169 2429 254 2475 gulae
265 2427 334 2462 sunt
344 2426 539 2474 interpofitae
559 2429 598 2464 ad
623 2428 762 2463 eundem
782 2430 917 2463 modum
930 2428 1042 2463 foratae
1055 2453 1064 2468 ‚
1074 2433 1105 2463 &
1115 2430 1193 2463 oleo
1203 2426 1359 2467 subac‘tae,
1377 2441 1412 2463 ut
1423 2428 1559 2463 faciliter
1576 2428 1795 2474 impellantur,
1807 2431 1837 2460 &
1849 2438 1919 2460 rur-

167 2477 219 2512 sus
229 2473 382 2511 introrsus
393 2477 598 2515 reducantur,
608 2490 677 2525 quae
692 2477 846 2511 obturant
857 2490 890 2511 ea
903 2476 1073 2516 foramina,
1083 2478 1305 2525 pleuritidest'35
1315 2479 1525 2525 appellantur,
1537 2489 1670 2523 quarum
1681 2477 1743 2509 itus
1754 2480 1785 2509 δι
1795 2474 1920 2514 reditus

167 2526 245 2560 alias
255 2525 399 2565 obturat,
413 2525 486 2558 alias
497 2525 598 2571 aperit
608 2526 849 2560 terebrationes.
860 2527 921 2560 Hae
935 2527 1051 2574 regulae
1061 2526 1181 2562 habent
1193 2524 1293 2560 ferrea
1304 2526 1455 2573 choragia
1468 2526 1541 2564 fixa,
1550 2529 1581 2560 &
1593 2525 1699 2559 iuncta
1711 2536 1785 2557 cum
1797 2523 1917 2570 pinnis,

90 2571 144 2608 '5⁰
167 2586 305 2622 quarum
317 2575 488 2622 pinnarum
498 2574 603 2608 taetus
612 2575 777 2608 motiones
790 2573 892 2609 efficit
903 2577 1097 2622 regularum.
1125 2576 1347 2609 Continentur
1356 2573 1446 2622 supra
1458 2574 1599 2609 tabulam
1611 2572 1769 2607 foramina
1780 2596 1788 2610 ,
1801 2583 1870 2617 quae
1880 2584 1918 2615 eit

167 2623 332 2658 canalibus
342 2623 458 2657 habent
468 2621 624 2669 egressum
634 2620 770 2669 spiritus.
798 2625 935 2669 Regulis
946 2622 1014 2658 sunt
1024 2625 1132 2658 annuli
1149 2624 1339 2670 agglutinati
1353 2648 1360 2662 ‚
1371 2623 1487 2670 quibus
1506 2624 1634 2669 lingulae
1645 2622 1794 2654 omnium
1812 2620 1918 2654 incia,

168 2671 520 2719 dunturorganorum.
549 2672 745 2706 Emodiolis
762 2684 870 2706 autern
880 2671 990 2707 fistulae
1003 2671 1073 2706 sunt
1091 2674 1297 2706 continenter
1315 2671 1494 2706 coniunstae
1507 2672 1619 2717 ligneis
1638 2669 1835 2707 ceruicibus,
1847 2680 1920 2715 per-

168 2720 367 2768 tingentesq;
376 2720 415 2755 ad
426 2733 526 2759 nares,
535 2733 605 2768 quae
615 2718 728 2754 suntin
741 2721 859 2758 arcula,
869 2721 902 2754 in
912 2721 1029 2768 quibus
1039 2733 1109 2756 axes
1119 2719 1188 2755 sunt
1198 2734 1234 2755 ex
1246 2732 1345 2754 torno
1355 2719 1486 2757 subaffi,
1496 2724 1528 2754 δι
1541 2720 1584 2753 ibi
1597 2718 1763 2753 collocati,
1774 2718 1916 2763 quicum

163 2769 284 2816 recipit
293 2769 398 2804 arcula
405 2770 556 2809 animam,
568 2768 715 2815 spiritum
725 2781 793 2802 non
805 2770 965 2815 patientur
973 2769 1161 2804 obturantes
1171 2767 1327 2802 foramina
1339 2767 1441 2802 rursus
1456 2768 1555 2802 redire
1566 2793 1575 2802 .
1603 2770 1649 2801 Ita
1660 2779 1733 2800 cum
1743 2765 1851 2800 ucetes
1865 2778 1918 2799 ex-

168 2819 351 2856 tolluntur,
363 2830 501 2853 ancones
511 2818 677 2853 deducunt
691 2815 811 2851 fundos
824 2817 1049 2852 modiolorum
1067 2818 1107 2852 ad
1125 2819 1227 2852 imum
1237 2840 1247 2855 ,
1262 2817 1453 2864 Delphiniq;
1463 2840 1472 2853 ,
1492 2815 1627 2863 quisunt
1646 2816 1676 2849 in
1689 2815 1850 2848 uerticulis
1865 2815 1917 2848 in·

167 2865 246 2901 clusi
256 2866 415 2901 chalantes
425 2866 456 2900 in
466 2880 504 2901 os
514 2866 671 2913 cymbala,
680 2867 805 2912 replent
815 2864 910 2911 spatia
920 2866 1253 2913 modiolorum‚atque
1261 2878 1401 2900 ancones
1410 2867 1603 2899 extollentes
1617 2862 1736 2898 fundos
1745 2863 1830 2897 intra
1841 2875 1915 2896 mo·

167 2915 279 2950 diolos
288 2915 470 2950 uehementi
479 2915 582 2962 pulsus
591 2914 770 2953 crebritate,
781 2918 813 2949 δι
823 2913 1009 2948 obturantes
1019 2913 1178 2949 foramina
1188 2913 1342 2961 cymbalis
1352 2912 1524 2961 superiora,
1537 2926 1608 2948 aeta
1618 2938 1626 2951 ,
1638 2913 1695 2959 qui
1707 2910 1751 2945 est
1762 2910 1807 2945 ibi
1832 2912 1918 2946 clau-

166 2963 234 3004 sus,
245 2961 462 3010 pressionibus
478 2965 627 2999 coaRum
636 2988 644 3002 ‚
659 2965 693 2998 in
713 2962 831 2998 fistulas
841 2974 967 3010 cogunt
977 2987 986 3001 ,
998 2975 1052 3009 per
1063 2976 1140 3010 quas
1149 2964 1181 2996 in
1200 2966 1302 3010 lignea
1313 2962 1479 2996 concurrit
1488 2986 1497 3001 ,
1509 2966 1539 2997 &
1553 2975 1607 3005 per
1634 2964 1702 2996 eius
1728 2960 1871 2994 ceruices
1883 2959 1918 2995 in

165 3024 272 3047 arcam
282 3025 292 3048 .·
303 3012 451 3047 motione
460 3024 538 3047 uero
548 3013 688 3047 uestium
706 3012 965 3048 uehementiore,
975 3010 1100 3057 spiritus
1111 3010 1262 3057 frequens
1282 3009 1481 3056 compressas
1491 3010 1741 3057 epistomioruzn
1756 3008 1917 3054 aperturis

94 3068 142 3102 60
165 3059 287 3103 influit,
296 3065 329 3098 δι
338 3061 443 3109 replet
450 3062 555 3097 anima
564 3062 700 3105 canales.
716 3063 833 3108 Itaque
843 3072 918 3106 cum
925 3061 1031 3108 pinna:
1047 3060 1155 3095 mmib
1162 3073 1197 3096 us
1206 3060 1298 3095 tacite
1308 3060 1509 3107 propellunt,
1522 3062 1554 3094 &
1568 3060 1726 3094 reducunt
1744 3057 1921 3093 contineri».

1612 3113 1639 3144 G
1650 3114 1678 3144 G
1876 3114 1926 3140 [ΕΒ

179 1714 199 1792 {a
