2241 3318
299 150 372 184 -290
997 138 1321 178 LIBER,
2220 0 2241 154 1

280 212 434 262 aqualiter
441 217 612 245 moueretur
619 231 629 247 ‚
634 207 780 252 seruando
792 210 821 242 in
830 215 958 255 utroque
966 208 1081 252 defectu
1090 209 1213 243 eandem
1223 216 1322 242 motus
1340 208 1553 254 diuersitatem‚
1564 210 1610 244 ita
1626 217 1661 244 ut
1670 211 1746 245 certi
1748 209 1856 253 fierent
1865 216 1979 247 Lunam
1987 209 2045 256 effe
2230 212 2235 244 1

281 260 312 298 in
321 264 421 297 eodem
438 258 563 306 epicycli
572 256 638 293 loco
647 281 657 292 .
677 262 725 292 Ex
733 269 768 292 ea
779 256 983 300 obseruatione
992 259 1135 292 certiores
1142 256 1296 301 fhctisiint
1321 279 1331 295 ,
1361 259 1421 294 uod
1428 258 1584 293 interuallo
1589 261 1775 304 geminorum
1785 261 1952 305 desec't'uum
1960 266 2044 296 [Ama

281 320 436 344 numerum
445 311 627 353 integrarum
635 306 810 350 uersationis
819 304 991 348 absoluerat
998 328 1009 344 ‚
1020 308 1159 353 quoniam
1168 308 1198 338 in
1208 307 1332 339 eundem
1353 318 1440 341 ocum
1460 306 1583 354 epicycli
1601 309 1750 346 redierat,
1762 314 1803 349 &⁴
1822 311 1937 356 pariter
1946 315 2046 343 luna..

279 361 357 393 rium
364 357 505 401 menfium
513 367 667 390 numerum
673 355 839 402 perfectum
850 354 994 397 finierat,
1006 357 1066 388 iam
1075 354 1191 397 reuerfiz
1201 354 1241 387 ad
1250 353 1349 388 locum
1365 354 1428 389 Soli
1449 355 1625 403 oppositum.
1638 362 1721 391 Tunc
1737 358 1829 402 igitur
1847 357 2045 400 uersationum

279 417 433 441 numerum
442 407 676 451 cognouerimus,
688 415 757 439 cum
766 406 852 438 unius
862 402 1034 446 uersationis
1047 403 1177 449 spatium
1186 400 1272 437 nobis
1281 405 1430 449 cognitum
1434 406 1530 448 fuerit
1538 427 1549 443 ‚
1559 404 1631 440 licet
1644 416 1702 438 non
1709 407 1828 452 penitus
1846 407 1962 444 matie,
1973 417 2044 452 neq,-

277 464 439 504 propterea
448 452 532 488 nobis
541 452 636 493 latere
643 451 736 500 potest
747 455 870 488 Lunaris
886 451 990 496 menfis
990 453 1119 499 spatium
1129 474 1140 490 ‚
1149 463 1216 486 cum
1229 453 1350 489 coitum,
1362 458 1403 492 θ’
1418 452 1627 500 oppositionem
1638 459 1724 488 Dina
1736 452 1848 489 habere
1863 457 2044 501 poterimus.

280 510 324 544 &¹
333 515 374 538 ex
382 503 538 537 interuallo
550 503 715 546 defeetuum
724 504 754 535 in
763 501 903 546 mensium
914 503 1073 535 Lrinarium
1081 510 1233 534 numerum
1249 500 1371 543 diuisum
1382 504 1505 536 Lunaris
1521 502 1628 546 mensis
1643 505 1804 551 quantitas·
1816 503 1971 548 colligetur
1979 528 1990 538 .

280 559 398 589 Verum
407 553 478 598 quia
486 553 516 585 in
534 553 642 585 Lunari
650 550 743 594 menste
751 556 831 585 Luna
849 551 1044 596 longitudinis
1053 549 1247 592 uerfiztionem
1258 548 1389 595 perficit,
1399 550 1550 598 tantumq;
1569 552 1717 586 interualli
1739 554 1861 600 apponit
1873 574 1883 590 ‚
1896 563 2043 599 quantum

280 601 334 636 Sol
346 603 446 635 eodem
458 600 552 643 mense
559 609 708 637 mouetur,
717 601 780 634 ideo
790 602 904 645 integer
911 598 958 632 ille
967 596 1096 632 circulus
1105 609 1172 631 cum
1179 598 1381 632 additamento
1390 599 1438 632 illo
1449 621 1459 636 ,
1471 602 1524 647 qui
1536 599 1576 642 fit
1584 612 1624 635 ex
1641 599 1719 634 Solis
1737 609 1822 635 motu
1839 603 1870 634 in
1888 612 2042 636 numerum

279 652 394 685 dierum
402 648 506 693 mensis
515 651 638 683 Lunaris
647 647 753 691 diuifiis
759 648 894 690 cumsuis
915 648 1064 692 minutijs,
1076 657 1129 679 nos
1137 648 1167 679 in
1181 647 1319 680 notitiam
1328 648 1425 681 diurni
1433 657 1532 682 motus
1549 654 1633 683 Lunae
1643 650 1766 684 deducet
1778 674 1787 682 .
1814 650 1869 684 Est
1886 651 1977 684 etiam
1999 655 2042 689 ύ-
2072 625 2118 663 xq

280 700 344 734 alia
361 700 411 732 uia
429 697 563 741 noscendi
570 706 715 744 quantum
726 702 807 731 Luna
811 695 939 742 singulis
949 693 1051 730 diebus
1068 703 1205 728 mouetur
1217 719 1226 728 .
1252 694 1375 740 Namfi
1385 698 1499 730 noueris
1515 708 1668 731 numerum
1678 697 1881 741 versationum
1898 703 1982 732 Lunae
1994 700 2041 732 in—

279 757 329 783 ter
338 749 410 782 duos
419 747 558 790 defectus,
571 745 680 792 Solistj,·
691 754 806 780 motum
816 745 965 778 addideris
976 744 1077 778 eodem
1087 753 1221 790 tempore
1232 742 1365 787 fizbtum,
1375 744 1560 793 collegerisq'5
1576 751 1660 780 Lunae
1667 755 1781 780 motum
1788 757 1824 780 eo
1836 747 1931 793 spatio
1949 756 2041 794 pera-

280 797 371 834 ctum,
377 795 405 840 fi
413 804 512 830 totum
521 795 591 829 illud
599 793 728 837 diuiseris
735 796 765 827 in
773 803 928 827 numerum
937 794 1053 827 dicrum
1062 793 1186 836 eiufiiem
1194 792 1282 838 spatis·
1307 815 1318 830 ‚
1329 791 1456 827 habebis
1471 799 1556 829 Luna
1573 803 1688 829 motum
1706 796 1860 829 diurnum.
1887 801 2040 830 Praeterea

273 845 350 890 scies
370 847 461 879 etiam
471 852 616 891 quantum
624 848 709 876 Luna
711 841 837 887 singulis
846 839 948 882 diebus
957 854 976 875 a
993 840 1062 876 Sole
1071 843 1185 876 recedit
1198 864 1208 879 ‚
1221 840 1252 886 fi
1259 843 1411 887 integrum
1419 841 1564 877 circulum
1580 844 1709 886 diuiseris
1717 845 1745 878 in
1753 855 1908 878 numerum
1926 845 2040 879 dierum

279 895 406 929 Lunaris
415 892 518 936 menfis
535 903 603 926 cum
607 891 671 935 suis
679 893 821 937 minutus,
842 902 923 938 quas
928 890 1089 933 fractiones
1100 899 1222 925 uocant.
1234 892 1306 924 item
1316 890 1340 931 ‘;
1352 902 1504 924 numerum
1508 893 1658 936 graduum
1674 891 1884 936 uersationum‚
1896 897 1937 932 (y
1946 894 2042 927 inter-

281 943 361 977 uallo
369 942 559 988 peractarum
566 942 682 988 partire
692 942 721 974 in
733 951 889 974 numerum
898 938 988 986 ipsius
996 940 1147 973 interualli
1158 962 1168 977 ,
1181 945 1221 979 &-
1230 902 1358 973 habi-{is
1376 941 1499 973 eundem
1517 945 1601 975 Luna
1619 950 1732 975 motum
1743 963 1754 979 ‚
1765 950 1910 988 quantum
1923 940 2040 984 scilicet

275 991 399 1037 singulis
409 988 511 1024 diebus
519 1002 537 1024 a
547 990 615 1024 Sole
624 991 748 1027 recedit,
751 986 907 1036 superata,-
925 987 1002 1022 Solis
1012 989 1149 1022 diurnum
1159 997 1283 1022 motum.
1295 999 1353 1021 non
1373 990 1470 1022 minus
1489 1000 1628 1033 numerus
1646 989 1842 1033 uersationum
1861 992 1890 1023 in
1907 989 2041 1036 epicyclo

279 1040 379 1084 uersus
387 1040 417 1072 in
421 1040 535 1085 gradus
546 1061 557 1076 ,
568 1038 711 1081 &sectus
718 1040 748 1072 in
765 1049 919 1071 numerum
942 1038 1092 1082 graduum
1113 1037 1261 1071 interualli
1278 1038 1388 1071 dierum
1405 1038 1527 1071 eundem
1545 1039 1680 1072 diurnum
1703 1043 1787 1072 lunae
1806 1047 1922 1072 motum
1940 1040 2040 1073 metiri

280 1090 428 1124 ostendet.
438 1090 494 1122 His
503 1085 671 1122 rationibus
680 1085 814 1121 habetur
834 1086 1027 1132 longitudinis
1044 1095 1157 1121 motum
1166 1085 1295 1132 singulis
1311 1084 1413 1120 diebus
1429 1085 1485 1129 effe
1500 1088 1636 1133 partium
1653 1088 1794 1121 tredecim
1801 1109 1812 1125 ‚
1820 1086 2039 1134 particularum

280 1141 391 1176 decem,
403 1136 644 1181 &secundarum
659 1139 678 1180 (
686 1145 721 1170 ut
729 1136 880 1183 appellant
889 1136 908 1177 )
924 1146 938 1179 ς
952 1146 983 1177 5.
999 1139 1049 1182 >Et
1061 1134 1186 1182 epicycli
1193 1145 1309 1170 motum
1317 1133 1526 1182 effipartium.
1557 1146 1569 1168 1
1580 1146 1612 1180 3.
1637 1134 1867 1182 particularum.
1898 1147 1930 1180 3.
1932 1135 2038 1178 secun-

280 1189 398 1222 darum.
429 1196 484 1231 54.
514 1191 645 1231 Longum
655 1183 724 1229 esset
733 1186 829 1218 omnia
839 1183 987 1227 recensere
997 1205 1007 1221 ‚
1018 1195 1081 1230 quie
1091 1196 1109 1217 a
1121 1181 1322 1231 scriptoribus
1342 1185 1371 1217 in
1393 1189 1478 1218 Lunae
1495 1192 1578 1218 motu
1596 1183 1781 1228 confiderata
1791 1183 1862 1227 sunt
1869 1205 1881 1221 ‚
1891 1196 1984 1230 quare
2000 1186 2041 1219 ad

280 1248 331 1271 eos
343 1234 486 1278 studiofhs
503 1237 665 1271 remittam,
676 1231 861 1280 excutiamq,·
871 1233 963 1280 quam
984 1231 1145 1277 breuiffime
1157 1241 1262 1279 potero
1272 1243 1375 1270 eorum
1384 1232 1524 1280 syderum
1540 1235 1683 1267 motiones
1690 1254 1701 1270 ‚
1719 1244 1780 1279 quae
1795 1231 1860 1267 Soli
1865 1231 2040 1279 subijciun-

279 1295 333 1320 tur
344 1307 354 1323 ,
372 1285 521 1322 Mercurii
543 1281 661 1327 scilicet
685 1288 727 1322 (ἣν
751 1283 878 1317 Veneris
885 1305 895 1315 .
946 1285 982 1316 ,Α
986 1283 1013 1314 io
1028 1280 1228 1323 Astronomos
1243 1280 1402 1328 percepisse
1433 1283 1490 1316 duo
1509 1282 1558 1316 illa
1569 1282 1677 1329 sydera
1685 1302 1696 1319 ‚
1706 1293 1727 1315 a
1742 1280 1813 1315 Sole
1827 1282 1937 1327 digredi
1946 1304 1956 1319 ‚
1965 1293 2041 1316 cer-

282 1336 324 1368 tis
334 1342 433 1368 tamen
451 1333 586 1367 terminis
599 1340 728 1378 utraque
748 1343 787 1366 ex
792 1339 882 1379 parte
889 1352 900 1367 ‚
912 1335 954 1369 (9⁸
966 1333 995 1364 in
1005 1332 1100 1364 medio
1111 1329 1293 1374 accesfiis,&
1302 1329 1428 1374 receffiis
1438 1342 1540 1365 eorum
1559 1333 1598 1365 ad
1607 1330 1704 1365 Solem
1712 1341 1779 1364 cum
1789 1341 1822 1364 eo
1832 1331 1986 1376 coniungi,
1997 1335 2040 1369 &-

280 1394 350 1417 cum
360 1381 400 1417 ab
410 1380 555 1415 lateribus
565 1380 642 1415 Solis
650 1380 784 1424 essent‚in
797 1377 1083 1420 eorumflationibus
1091 1378 1252 1425 longzffime
1268 1377 1376 1423 abeffe,
1406 1390 1479 1414 uare
1487 1379 1667 1425 collegerunt
1677 1378 1839 1422 huiusmodi
1841 1378 2038 1426 progreffitrm

281 1437 325 1471 (φ
333 1429 490 1477 regressum
498 1428 629 1477 epicyclo
640 1430 719 1463 tueri
735 1436 882 1476 oportere.
893 1429 936 1462 ita
946 1435 980 1461 ut
990 1427 1114 1475 epicycli
1123 1436 1258 1462 centrum
1267 1439 1335 1462 cum
1352 1392 1419 1462 So‘le
1426 1426 1711 1463 circumuolueretur
1719 1449 1730 1464 ‚
1741 1432 1783 1466 (φ
1790 1427 2040 1475 utrunquesjtduae

281 1489 400 1515 tantum
410 1477 449 1513 ab
459 1478 528 1513 Sole
544 1476 749 1525 abeſjEpoffet‚
760 1486 906 1524 quantum
917 1476 1040 1524 epicycli
1051 1476 1179 1511 latitudo
1185 1485 1359 1524 pateretur}
1378 1482 1491 1513 Verum
1499 1479 1569 1524 quia
1578 1476 1747 1521 colligentes
1757 1477 1897 1521 geminas
1907 1485 2043 1510 contra-.

280 1531 349 1563 rias·
362 1551 373 1566 ‚
384 1534 425 1568 (9-
434 1530 587 1574 maximas
604 1537 707 1560 eorum
709 1526 849 1573 syderum
857 1538 876 1559 a
885 1525 952 1560 Sole
960 1524 1128 1567 distantias,
1139 1528 1313 1559 inuenerunt
1321 1537 1378 1559 non
1388 1526 1509 1560 eandem
1518 1527 1547 1559 in
1557 1526 1634 1559 omni
1651 1524 1717 1559 loco
1726 1526 1926 1571 quantitatem
1928 1524 2039 1567 serua-

283 1580 311 1613 ri
321 1600 331 1616 ‚
342 1584 383 1617 φ
400 1588 466 1611 eam
475 1575 624 1620 summam
633 1586 773 1609 exercere
780 1586 838 1608 non
851 1573 943 1622 posse,
953 1574 1007 1618 nifi
1013 1574 1137 1618 accessit,
1154 1585 1208 1608 nec
1217 1574 1382 1618 decrescere
1393 1573 1447 1619 nisi
1455 1573 1567 1619 'recessu
1576 1572 1700 1621 epicycli
1716 1571 1756 1607 ab
1764 1571 1847 1607 orbis
1855 1574 2037 1606 centro:ideo

281 1625 398 1662 duobus
408 1624 597 1671 inferioribus
604 1623 651 1658 his
659 1629 701 1664 (9-
712 1625 908 1658 eccemricum
917 1645 928 1661 ‚
941 1628 982 1662 &⁸
992 1622 1155 1670 epicyclum
1164 1623 1267 1656 dedere
1276 1645 1286 1660 ,
1297 1635 1332 1656 ea
1348 1624 1514 1658 conditione
1523 1645 1533 1660 ,
1543 1631 1577 1657 ut
1595 1622 1793 1656 eccentricum
1806 1620 1922 1667 semper
1938 1622 2037 1668 epicy-

281 1676 365 1711 clum
377 1687 444 1710 cnm
455 1674 523 1710 Sole
532 1676 562 1708 in
571 1671 674 1708 orbem
675 1674 785 1718 ferret,
795 1678 835 1713 Θ
846 1675 920 1706 idem
931 1671 998 1716 esset
1007 1674 1121 1706 medius
1129 1679 1229 1705 motus
1237 1672 1313 1705 Solis
1323 1671 1480 1719 &syderis
1490 1696 1499 1706 .
1526 1669 1683 1718 Epicyclus
1699 1681 1770 1704 uero
1774 1668 1866 1715 sjvdus
1885 1668 1954 1703 hinc
1971 1671 2038 1703 inde

281 1738 302 1760 a
315 1724 383 1760 Sole
392 1723 488 1768 abesse
497 1722 612 1764 faceret
620 1745 631 1761 ‚
642 1735 678 1756 ac
686 1720 858 1769 regreffibus
866 1743 876 1759 ,
887 1720 1122 1760 &latitudinem
1130 1718 1262 1754 motibus
1271 1721 1360 1768 quam
1368 1720 1509 1767 aptiffime
1521 1720 1703 1766 responderet
1715 1743 1724 1752 .
1750 1722 1847 1765 NJmc
1866 1726 1902 1752 ut
1904 1716 2037 1761 sciamus

280 1786 342 1822 qua
354 1776 469 1808 ratione
479 1782 578 1807 motus
589 1774 791 1819 quantitatem
798 1772 978 1810 metiamur;
990 1771 1055 1803 dico
1065 1768 1119 1813 esse
1131 1767 1343 1812 obseruandum
1359 1768 1456 1803 locum
1468 1767 1584 1815 syderis
1599 1770 1629 1801 in
1641 1767 1784 1814 signifero
1795 1788 1806 1804 ‚
1817 1772 1860 1806 (φ
1877 1766 2038 1814 expet'iare

281 1825 375 1858 donec
384 1824 413 1856 in
424 1824 545 1856 etmdem
552 1820 699 1863 reuersum
702 1821 799 1865 fuerit
810 1844 820 1859 ‚
831 1831 866 1854 ea
875 1819 1042 1853 conditione
1051 1839 1061 1856 ‚
1077 1826 1112 1851 ut
1117 1816 1160 1862 sit
1168 1829 1249 1865 aque
1258 1829 1277 1851 a
1288 1817 1355 1852 loco
1364 1819 1459 1852 medio
1476 1816 1554 1851 Solis
1563 1818 1592 1850 in
1601 1824 1727 1863 utroque
1739 1814 1818 1853 loco,
1827 1826 1898 1849 nam
1905 1824 1978 1850 tunc
1983 1813 2038 1861 sy-

280 1873 337 1913 dus
346 1874 483 1917 integras
494 1869 648 1917 utriusque
657 1879 754 1904 motus
762 1868 943 1912 uerfiztiones
956 1867 1118 1915 perfecerit
1127 1880 1136 1901 .-
1147 1876 1212 1900 tum
1224 1868 1253 1900 in
1262 1868 1429 1901 eccentrico
1440 1888 1450 1903 ‚
1461 1868 1600 1913 quoniam
1607 1863 1730 1912 epicycli
1741 1873 1876 1898 centrum
1889 1865 2034 1911 adpriore‘

281 1920 384 1955 locum
393 1921 589 1958 redierit‚tum
599 1920 628 1951 in
637 1917 766 1965 epicyclo
778 1941 787 1957 ‚
798 1918 938 1965 quoniam
941 1918 959 1962 s
959 1917 1031 1962 §idus
1039 1914 1187 1958 reuersum
1195 1916 1235 1949 ad
1243 1917 1363 1950 eandem
1371 1913 1411 1948 ab
1431 1911 1499 1949 S'ole
1524 1912 1691 1956 distantiam
1700 1935 1711 1950 ,
1719 1914 1796 1947 idem
1815 1924 1932 1961 quoque
1947 1922 2038 1959 pun-

282 1969 364 2005 ctum
372 1968 494 2016 epicycli
510 1968 660 2015 repetierit
671 1992 679 2001 .
697 1968 745 2001 his
753 1965 1010 2010 obseruationibus
1018 1965 1151 1999 elicietur
1161 1973 1278 2012 tempus
1288 1963 1415 2011 elapsum
1422 1987 1433 2001 ‚
1447 1970 1487 2004 &⁶
1497 1962 1694 2006 uersationum
1703 1964 1997 2009 numerus‚quoniam
2004 1962 2037 1994 in

282 2017 381 2053 tribus
384 2016 586 2065 superioribus
596 2025 670 2063 quot
673 2016 791 2060 suerint
799 2015 979 2057 uersationes
987 2013 1120 2061 epicycli,
1130 2019 1170 2053 ώ-
1180 2012 1356 2055 uersationes
1364 2014 1521 2047 eccentrici
1529 2034 1539 2049 ‚
1549 2022 1639 2045 unam
1652 2013 1682 2044 in
1688 2009 1836 2052 summam
1848 2009 2035 2046 colleflaessot

282 2068 316 2101 in
325 2067 425 2101 eodem
432 2076 565 2114 tempore
583 2074 667 2099 erunt
679 2064 756 2099 Solis
766 2063 945 2107 uerfiationes
954 2062 1117 2104 transacitae.
1127 2064 1184 2097 Sed
1190 2064 1220 2095 in
1231 2060 1348 2096 duobus
1356 2060 1543 2106 inferioribus
1561 2070 1698 2093 numerus
1713 2057 1911 2100 uei-sittionum
1931 2068 2034 2092 eccen-

283 2118 352 2150 trici
360 2117 436 2150 idem
446 2113 483 2157 esi
494 2126 562 2149 cum
573 2125 693 2148 numero
703 2113 906 2156 uerfixtionum
918 2110 1107 2159 epicycli‚ubi
1115 2112 1210 2159 prope
1218 2122 1320 2146 uerum
1331 2108 1415 2144 nobis
1422 2119 1525 2144 notum
1527 2109 1622 2153 fuerit
1630 2109 1717 2141 unius
1723 2105 1896 2148 uersationis
1904 2115 2033 2152 tempus,
2060 2105 2111 2139 40.

282 2166 360 2198 unde
369 2176 506 2198 numerus
514 2163 711 2207 uerslztionum
719 2162 824 2197 duetus
834 2170 892 2209 per
922 2164 1002 2204 360,
1028 2161 1132 2194 reddet
1144 2160 1262 2206 gradus
1272 2160 1436 2205 :graduum
1444 2158 1514 2193 uero
1531 2167 1666 2191 numerus
1679 2165 1735 2203 per
1751 2165 1905 2189 numerum
1921 2156 2035 2189 dierum

278 2214 369 2261 spatis
379 2212 614 2255 obseruationum
624 2212 747 2255 diuisus,
759 2220 861 2245 notam
867 2210 1112 2254 ficietsiimmam
1123 2211 1219 2243 diurni
1225 2217 1334 2242 motus.
1343 2207 1395 2251 sed
1403 2209 1468 2256 quis
1478 2208 1550 2241 ordo
1568 2207 1598 2240 in
1607 2202 1813 2254 progreffibus,
1825 2209 1866 2242 (ψ
1874 2201 2034 2249 regreffio-

283 2261 386 2299 nibus,
400 2267 441 2301 (9-
461 2272 524 2307 quae
531 2263 688 2305 necessitas
697 2273 749 2295 eos
765 2269 854 2306 cogat
861 2283 872 2298 ,
883 2259 1013 2295 breuiter
1038 2258 1135 2292 dicam
1147 2282 1157 2292 .
1176 2259 1208 2292 Si
1227 2259 1317 2304 prim
1333 2267 1473 2291 monuero
1491 2253 1690 2298 diuerfitatem
1698 2275 1709 2290 ‚
1720 2261 1773 2286 aut
1789 2254 2034 2286 contrarietatem

282 2309 368 2353 {iiiuc
378 2310 496 2354 uifionis
504 2309 601 2344 altero
610 2311 735 2344 duorum
746 2311 900 2345 modorum
909 2310 988 2343 tueri
996 2318 1049 2341 nos
1051 2306 1143 2354 posfi’,
1160 2305 1345 2352 autlisjsderi
1354 2306 1440 2340 detur
1444 2304 1542 2348 solum
1550 2302 1682 2346 deferens
1690 2303 1954 2340 eccentricum‚aut
1963 2302 2033 2347 epi—

283 2359 388 2407 cyclus
395 2370 463 2394 cum
472 2359 619 2402 deserente
630 2356 947 2400 concentrico:scilicet
956 2369 990 2391 eo
1000 2357 1086 2390 modo
1095 2356 1175 2402 quod
1183 2356 1212 2388 in
1224 2354 1352 2400 fingulis
1359 2353 1456 2389 tribus
1455 2348 1658 2399 superioribus
1668 2349 1711 2394 :fi
1718 2350 1896 2395 colligantur
1903 2352 1934 2384 in
1942 2360 2037 2384 unum,

284 2417 384 2451 motus
392 2406 516 2455 epicycli
524 2410 554 2440 in
566 2409 767 2445 concentrico,
778 2407 973 2453 &syderisin
991 2404 1122 2452 epicyclo
1133 2426 1144 2441 ,
1156 2400 1392 2443 &inueniantur
1401 2401 1525 2449 aquales
1534 2401 1628 2434 medio
1644 2401 1738 2434 motui
1746 2398 1824 2433 Solis
1833 2398 1899 2442 ‚sed
1913 2410 1950 2432 ea
1967 2397 2033 2443 lege

286 2465 320 2491 ut
330 2466 465 2491 centrum
473 2458 631 2490 eccentrici
644 2456 734 2498 secun
739 2457 808 2489 dum
818 2458 949 2490 ordinem
951 2454 1104 2501 fignorum
1114 2452 1205 2496 smiul
1213 2464 1279 2487 cum
1288 2451 1355 2486 Sole
1364 2459 1530 2486 moueatur,
1540 2447 1673 2495 &sydus
1681 2459 1716 2482 ea
1734 2446 1896 2482 uelocitate
1910 2457 2038 2481 moue-‘12

284 2514 413 2553 tur,qua
423 2504 570 2552 epicyclus
580 2507 609 2538 in
618 2507 806 2539 concentrico
820 2513 968 2541 mouetur,
980 2507 1023 2537 ita
1031 2511 1065 2536 ut
1075 2501 1152 2536 linea
1161 2502 1222 2539 illa,
1232 2512 1293 2549 qua
1301 2513 1320 2534 a
1337 2508 1439 2535 centro
1445 2500 1585 2546 prouenit
1594 2519 1605 2535 ‚
1622 2508 1684 2544 quae
1705 2496 1871 2543 aequidiftat
1880 2495 1960 2530 linea
1975 2496 2031 2528 du-

286 2554 338 2589 51ae
348 2567 367 2589 a
375 2562 477 2588 centro
486 2556 644 2588 eccentrici
652 2554 692 2588 ad
706 2561 840 2587 centrum
851 2551 1062 2598 syderisfiniat
1073 2554 1102 2584 in
1112 2551 1240 2584 medium
1241 2550 1354 2596 syderis
1363 2557 1487 2582 motum.
1497 2556 1590 2594 atque
1607 2545 1664 2580 hoc
1681 2547 1710 2578 in
1729 2543 1826 2579 tribus
1827 2539 2041 2591 fiipcrioribuss

284 2601 461 2646 obstruatur
473 2616 484 2636 .·
497 2602 550 2646 sed
559 2604 588 2636 in
598 2601 711 2636 duobus
721 2600 910 2646 inferioribus
916 2609 1046 2648 ponatur
1057 2608 1155 2633 motus
1164 2598 1288 2646 epicycli
1300 2601 1330 2632 in
1346 2598 1533 2632 concentrico
1543 2594 1666 2643 aequalis
1673 2595 1766 2628 medio
1775 2595 1869 2626 motui
1878 2592 1956 2626 Solis
1964 2615 1975 2630 ‚
1987 2597 2036 2631 (9-⁸
2059 2595 2076 2632 5
2081 2598 2107 2622 ο

283 2660 384 2686 motus
386 2650 500 2698 syderis
509 2654 537 2686 in
548 2651 678 2699 epicyclo
688 2650 746 2684 una*
756 2662 824 2684 cum
833 2659 916 2683 motu
927 2651 1022 2683 centri
1038 2649 1195 2681 eccentrici
1203 2646 1370 2695 aequalissit
1375 2645 1494 2689 summa:
1503 2645 1555 2682 illi,
1566 2654 1629 2691 quae
1638 2655 1678 2677 ex
1687 2643 1781 2676 medio
1790 2650 1874 2676 motu
1883 2640 1961 2676 Solis
1968 2663 1978 2678 ,
1988 2645 2041 2689 ε’φ·Α
2102 2637 2105 2641 ’

286 2709 372 2734 motu
375 2698 488 2746 syderis
496 2701 526 2734 in
534 2699 663 2747 epicyclo
674 2700 841 2745 colligitur,
852 2704 893 2738 (9-
907 2697 997 2744 sydus
1004 2699 1072 2743 pari
1081 2696 1233 2730 celeritate
1249 2704 1425 2732 moueatur,
1436 2706 1496 2741 qua
1512 2691 1662 2740 epicyclus
1677 2693 1707 2725 in
1723 2692 1908 2725 concentrico
1925 2701 2031 2723 moue-

286 2758 338 2784 tur
347 2770 357 2786 ,
367 2749 469 2782 eadem
479 2754 490 2789 (
501 2761 562 2796 qua
572 2749 682 2782 dictum
693 2748 833 2795 eftfiipra
845 2747 863 2790 )
873 2747 1048 2782 conditione,
1052 2745 1168 2788 scilicet
1177 2755 1210 2779 ut
1219 2745 1295 2779 linea
1304 2746 1354 2779 illa
1366 2756 1385 2777 a
1394 2751 1496 2778 centro
1506 2742 1593 2776 ducta
1601 2751 1682 2787 aeque
1692 2738 1796 2782 distatis
1805 2739 1884 2773 linea
1896 2751 1915 2772 a
1924 2746 2030 2773 centro

287 2798 444 2832 eccentrici
455 2797 544 2831 due'tae
552 2796 708 2843 adsjideris
715 2805 860 2833 centrum,
869 2795 1009 2830 terminet
1017 2796 1046 2827 in
1056 2795 1150 2827 medio
1171 2802 1254 2828 motu
1258 2793 1383 2840 syderis,
1395 2797 1437 2831 (9-
1444 2793 1534 2824 etiam
1543 2790 1644 2823 addita
1654 2800 1689 2823 ea
1699 2790 1764 2834 lege
1770 2790 1800 2822 in
1809 2786 1955 2824 omnibus,
1965 2796 2038 2834 quae.

286 2847 422 2881 diametri
430 2847 598 2884 eccentrici,
610 2851 650 2885 (5-
659 2846 839 2880 concentrici
852 2845 1043 2891 proportione
1051 2841 1469 2888 respondeantsemidiametris
1486 2837 1610 2885 epicycli
1618 2859 1629 2875 ‚
1640 2843 1681 2877 ρῇ-
1691 2836 1839 2883 egressioni
1859 2834 1900 2870 ab
1914 2844 2036 2872 centro.

284 2903 377 2940 atque
386 2895 429 2926 ita
448 2903 574 2941 utroque
583 2895 671 2928 modo
679 2895 758 2928 tueri
759 2892 910 2941 possumus
917 2895 948 2926 in
951 2889 1105 2938 syderibus
1115 2893 1259 2924 rationem
1265 2888 1468 2937 progressionis
1478 2909 1488 2925 ,
1499 2892 1540 2926 ύ-
1549 2888 1731 2931 regressionis
1741 2907 1752 2923 ‚
1761 2893 1905 2933 quantum
1919 2886 1958 2918 ad
1975 2884 2036 2917 di—·⁴

285 2942 466 2986 uerfitatem,
477 2948 518 2981 ξφ
526 2945 706 2976 uarietatem
712 2943 842 2989 pertinet
851 2963 862 2979 ‚
872 2940 1120 2988 quemadmodum
1138 2938 1226 2985 longa
1237 2940 1420 2986 experientia
1432 2934 1608 2977 ‚Astronomi
1616 2934 1808 2978 obseruarunt
1816 2955 1826 2971 ‚
1835 2934 1900 2967 ideo
1920 2930 2035 2975 ητα-’ΠΕ

278 2991 343 3035 fuit
350 2992 478 3037 primam
486 2990 686 3034 diuerfitatem
695 2989 827 3037 epicyclo
836 3012 847 3028 ‚
861 2988 1020 3033 secundam
1028 2989 1170 3032 deferenti
1178 2986 1310 3022 tribuere
1319 2986 1385 3030 :fied
1391 2996 1481 3020 unum
1490 2983 1638 3026 illudfiztis
1646 2992 1712 3017 erat
1720 2984 1760 3018 ad
1771 2979 1985 3030 prohibendum
1994 2989 2031 3012 ne

278 3040 419 3123 sb'yderum
428 3041 556 3072 omnium
563 3040 725 3083 deserentes
732 3050 822 3073 unum
831 3047 967 3073 centrum
977 3035 1134 3082 efficerent,
1137 3035 1253 3079 scilicet
1263 3045 1397 3070 motuum
1407 3032 1608 3079 singularitas
1615 3054 1625 3070 ,
1636 3033 1776 3079 quoniam
1785 3031 1971 3065 -concentrici
1978 3040 2031 3062 or-

307 3099 322 3122 e

323 3100 338 3123 s
346 3086 425 3124 alter
431 3086 522 3123 alteri
521 3086 610 3133 fisum
627 3096 742 3138 motum
747 3086 860 3135 prabet
867 3109 879 3126 ,
888 3088 919 3122 id
925 3083 1099 3133 cstfitperior
1106 3085 1238 3130 inferiori
1248 3107 1261 3124 ,
1280 3090 1322 3125 ία-
1331 3084 1470 3131 quoniam
1485 3081 1647 3126 huiusmodi
1662 3081 1827 3128 communio
1841 3089 1899 3112 non
1901 3077 1963 3159 fuit
1969 3078 2034 3170 ,άῗε
2057 3079 2105 3119 60,

1880 3135 1937 3174 pre
1946 3137 1994 3160 ten
2006 3135 2025 3159 a

2069 1120 2117 1152 ιο,

2067 1613 2113 1647 30
