2195 3313
981 15 999 59 X}

138 124 308 160 ⁴*rerum
316 102 625 180 obseruatione
636 117 748 156 ante
762 114 969 176 concepta
980 137 993 159 ,
1010 97 1243 174 exemplar
1247 96 1312 172 fit
1337 89 1608 171 eiusfhrmae
1621 138 1634 158 ,
1651 117 1741 172 qua
1761 113 1892 153 exte*

147 186 312 237 -riorem
333 184 583 251 materiem
593 221 608 241 ‚
622 178 770 254 qua'm
777 178 1012 252 fimillime
1027 178 1166 251 potest
1176 218 1190 237 ,
1218 175 1396 251 effingit
1412 180 1436 227 ?
1472 172 1631 249 Qod
1638 178 1688 249 fi
1704 180 1888 250 artifex*

151 276 254 314 tam
266 261 482 313 excellens
497 275 602 334 opus
607 274 775 332 parare
777 254 925 334 pofflt,
941 271 997 308 ut
1008 256 1063 308 id
1077 275 1184 307 eum
1196 256 1471 328 cognosceret
1483 296 1495 315 ,
1512 255 1577 312 Εἴ
1580 268 1779 314 amaret,
1787 252 1889 329 pla-

151 337 206 393 ne
218 336 297 392 hoc
292 337 496 409 faceret,
511 354 615 410 opus
626 351 789 389 autem
800 333 926 388 nulla
938 331 1033 386 alia
1045 335 1226 385 ratione
1239 330 1586 406 opificemfiaum
1609 335 1886 406 agnosceret,

151 418 232 480 ntfi
243 437 301 468 ex
315 427 368 468 ea
367 412 841 488 stmilitudine‚quam
846 414 980 488 prius
990 409 1051 464 ab
1061 410 1311 487 exemplari
1323 407 1549 484 habuisset.
1567 404 1767 482 Qodst
1777 410 1888 462 adeo

151 493 317 556 hebeti,
331 494 394 548 Εἴ
407 491 560 565 obtusa
572 489 671 567 eſjet
681 489 981 567 intelligentia
993 529 1006 550 ,
1026 486 1185 562 αἱρῇ)
1198 485 1356 562 effi³rre
1365 526 1379 546 ,
1392 501 1539 561 atque
1551 486 1739 539 euehere
1750 485 1816 540 ad
1822 507 1892 541 co-

143 570 450 646 gnoscendum
464 568 661 645 opificem
672 571 866 621 minime
870 566 1007 642 posset
1021 606 1035 626 ,
1049 563 1347 640 neceffizrium
1361 562 1459 638 eſjet
1476 605 1491 624 ,
1505 579 1561 616 ut
1572 562 1808 633 exemplar
1820 567 1890 636 ip-

137 655 252 724 Jum
266 647 313 701 eo
322 648 365 722 fe
378 648 645 701 demitteret
656 687 670 706 ‚
684 661 738 699 ut
753 645 810 699 ab
822 662 950 720 opere
957 641 1215 720 percipi,&'
1227 642 1423 716 cognosci
1428 642 1574 715 posset.
1597 635 1735 696 Hinc
1747 661 1892 716 quam

153 727 378 779 reconditi
401 726 666 800 cognitionis
692 724 891 797 thesauri
912 720 1212 775 recludantur
1223 761 1237 780 ‚
1253 741 1310 773 ex
1332 734 1378 772 te
1398 720 1559 772 uidere
1574 734 1700 793 potes
1714 760 1723 770 .
1767 722 1891 771 Cum

153 820 316 858 aterna
328 824 455 856 mens
466 843 480 863 ,
495 819 705 856 aternam
716 817 868 854 artem
893 802 1139 875 concipiens
1150 838 1165 858 ,
1178 802 1226 851 in
1249 796 1381 850 rebus
1401 819 1433 850 a
1451 795 1498 871 se
1524 796 1720 850 conditis
1734 837 1747 857 ,
1761 796 1893 868 uesti-

146 887 285 956 gium
295 923 307 943 ‚
322 879 398 935 uel
404 884 655 956 imaginem
673 880 808 954 fitam
829 877 1098 954 impreſjerit
1107 917 1121 936 ,
1141 877 1205 931 Εἴ
1227 890 1283 928 ut
1305 877 1468 927 melius
1486 877 1794 950 perciperetur
1803 915 1816 936 ,
1830 871 1894 931 65

154 975 402 1012 amaretur
414 1000 428 1020 ‚
443 956 662 1032 uisibilem
686 997 700 1017 ‚
727 973 869 1032 atque
899 952 1212 1032 aspectabilem
1221 951 1276 1029 fi’
1304 951 1490 1025 praebuit
1504 995 1514 1005 .
1559 955 1683 1004 Ecce
1704 948 1792 1027 quo
1816 971 1895 1005 nos

154 1036 333 1113 egreffis
347 1041 469 1090 artis
483 1040 658 1089 euexit.
677 1029 1138 1110 Qodfiperfedlum
1151 1047 1256 1107 opus
1261 1026 1490 1108 speculari
1502 1026 1894 1094 uoluerimus‚ad-

156 1115 428 1168 mirandum
434 1116 542 1188 fitne
554 1113 746 1166 uiuendi
771 1111 978 1166 ordinem
1000 1110 1310 1163 intuebimur.
1353 1111 1510 1160 Sentio
1538 1109 1638 1160 iam
1652 1147 1666 1166 ,
1683 1106 1745 1163 &²
1767 1106 1902 1180 quast

154 1191 294 1245 oculis
308 1213 436 1246 cerno
459 1212 652 1245 acumen
664 1193 830 1267 ingenij
845 1193 918 1243 tui
939 1189 1081 1265 usque
1094 1187 1163 1241 ad
1170 1185 1293 1241 coelos
1299 1200 1554 1261 penetrare,
1574 1203 1633 1236 ac
1644 1185 1805 1237 diuina
1818 1204 1898 1236 cu-

155 1269 336 1343 iusdam
346 1274 413 1323 rei
424 1275 648 1323 notionem
671 1275 924 1344 concipere.
967 1269 1135 1320 Omnis
1160 1269 1282 1319 enim
1307 1265 1492 1336 artifex
1504 1303 1518 1323 ,
1534 1277 1771 1337 quantum
1792 1263 1900 1313 ani-

154 1368 245 1409 mo,
261 1347 323 1405 &³
334 1346 483 1401 labore
495 1352 587 1401 niti
593 1348 743 1423 potest,
752 1344 1017 1424 pulchrum,
1032 1343 1163 1405 utile,
1176 1365 1234 1397 ac
1231 1342 1432 1417 firmum
1455 1357 1561 1419 opus
1559 1339 1707 1416 suum
1728 1338 1902 1412 efficere

155 1439 352 1479 conatur
364 1467 379 1487 ‚
397 1423 462 1482 ξδ’
484 1446 593 1479 cum
615 1423 699 1477 hac
719 1429 769 1478 in
791 1441 923 1500 opere
947 1421 1076 1499 incffe
1082 1422 1267 1498 senserit
1278 1461 1292 1485 ,
1306 1423 1483 1473 mirum
1496 1419 1555 1481 est
1566 1417 1710 1494 quam
1722 1438 1901 1478 carum,

156 1503 304 1578 quam
322 1519 519 1579 gratum-
532 1545 546 1565 ‚
566 1501 715 1579 quam
749 1506 1004 1556 iucundum
1024 1499 1141 1555 illud
1162 1497 1299 1553 habet
1317 1540 1331 1560 ,
1345 1518 1458 1552 nam
1479 1518 1538 1550 ex
1553 1494 1903 1569 pulchritudine

141 1580 414 1657 scientiam,
428 1604 484 1635 ex
495 1580 705 1636 utilitate
709 1578 993 1656 probitatem
1005 1621 1018 1641 ,
1035 1600 1094 1632 ex
1096 1577 1334 1654 firmitate
1347 1578 1575 1630 uirtutem
1574 1575 1717 1649 suam
1743 1593 1904 1649 cogno-

144 1659 222 1734 sci
232 1658 349 1736 posse
361 1660 524 1737 sperat.
543 1680 634 1734 qua
646 1663 802 1713 omnia
826 1662 875 1712 in
887 1663 1014 1712 rec't'a
1026 1657 1218 1710 uiuendi
1242 1659 1420 1710 ratione
1432 1655 1738 1727 requiruntur
1753 1692 1768 1712 ‚
1782 1649 1846 1708 Εἴ
1854 1656 1906 1705 in

158 1737 426 1792 diuinitatis
438 1740 741 1810 cognitionem
754 1757 832 1788 nos
844 1736 1050 1788 ducunt.
1096 1740 1312 1788 Demum
1323 1732 1588 1804 fifrud't'um
1611 1732 1731 1784 artis
1747 1745 1905 1784 atten-

159 1814 343 1874 damus,
356 1811 558 1889 profecto
583 1811 966 1886 confiderabimus
979 1810 1206 1884 artificem
1227 1810 1477 1886 quemlibet
1497 1825 1606 1884 opus
1625 1806 1818 1883 aliquod
1822 1807 1907 1878 fii-

160 1910 279 1952 cere,
304 1889 381 1943 uel
388 1906 443 1943 ut
454 1911 512 1942 ex
533 1910 581 1942 eo
593 1889 780 1942 laudem
786 1891 916 1962 ferat
927 1930 941 1950 ,
955 1889 1031 1943 uel
1047 1905 1104 1942 ut
1121 1889 1210 1962 sibi
1221 1886 1412 1962 aliquid
1439 1885 1734 1941 emolumenti
1750 1901 1905 1961 paret,

163 1966 291 2022 uelut
314 1972 364 2022 in
376 1988 423 2021 eo
436 1966 686 2021 oblectetur
698 2007 712 2028 ,
726 1967 849 2020 unde
862 1971 960 2022 tria
980 1967 1057 2021 illa
1079 1987 1236 2021 rerum
1257 1965 1621 2043 appetendarum
1637 1984 1810 2038 genera
1823 1961 1908 2016 ha-

163 2045 346 2107 bentur,
363 2044 574 2120 honestas,
589 2045 785 2106 utilitas,
801 2043 1084 2123 &uoluptas
1099 2068 1112 2098 ;
1126 2065 1215 2120 qua
1227 2066 1334 2097 cum
1346 2048 1417 2096 ita
1431 2040 1506 2118 ‘ff'
1519 2063 1574 2095 ex
1587 2044 1739 2095 diuini
1767 2040 1909 2095 lumi-

166 2127 236 2178 nis
248 2125 528 2200 illustratione
525 2123 788 2199 fintiamus
798 2165 812 2184 ,
827 2143 906 2176 nos
917 2128 997 2200 qui
1003 2124 1403 2201 praestantissimum
1418 2123 1522 2175 Dei
1533 2138 1641 2193 opus
1637 2122 1822 2194 sumus,
1834 2140 1909 2173 co-

159 2200 412 2278 gitabimus
422 2222 498 2256 nos
510 2201 543 2255 a
556 2206 664 2256 Deo
671 2216 906 2277 propterea
907 2203 1068 2276 factos
1080 2199 1159 2275 effe
1170 2242 1183 2262 ‚
1199 2216 1255 2254 ut
1277 2199 1422 2276 ipsum
1443 2200 1690 2252 laudemus
1702 2237 1716 2258 ,
1730 2198 1794 2251 illi
1813 2200 1910 2270 [er-

168 2284 422 2340 uiamu52in
435 2301 482 2335 eo
494 2279 866 2355 conquiescamus
878 2323 889 2333 .
933 2274 1056 2334 Hac
1064 2276 1380 2355 speculatione
1378 2276 1443 2351 fit
1459 2318 1474 2338 ‚
1488 2292 1543 2329 ut
1542 2276 1719 2352 sagax,
1735 2273 1798 2332 Εἴ
1827 2295 1910 2328 no-

169 2355 272 2411 bilis
283 2373 458 2412 natura
471 2357 709 2412 hominum
720 2360 897 2411 artium
909 2360 1163 2433 cognitione
1173 2372 1338 2411 ornata
1351 2396 1365 2416 ,
1378 2354 1599 2408 uberiores
1630 2358 1680 2406 in
1691 2353 1791 2405 dies
1796 2350 1913 2423 fru-

170 2435 496 2508 Husferat‚&
508 2444 738 2511 ingentem
752 2434 1014 2509 (artificum
1027 2450 1188 2490 tamen
1199 2433 1332 2509 uulgo
1343 2437 1550 2508 ignotam
1560 2431 1815 2485 mercedem
1816 2429 1913 2497 )la-

170 2512 332 2567 borum
330 2513 525 2590 suorum
531 2518 759 2591 percipiat
770 2554 783 2574 ‚
799 2511 863 2569 ξδ’
886 2534 957 2567 eos
980 2511 1108 2588 longe
1122 2512 1154 2565 a
1176 2533 1286 2566 uero
1309 2510 1526 2564 aberrare
1547 2507 1782 2585 cognoftat
1795 2548 1808 2568 ‚
1821 2509 1903 2583 qui

172 2589 352 2652 nobiles,
369 2591 433 2650 ξδ’
443 2597 491 2646 in
502 2593 735 2666 dignitate
746 2591 1006 2664 constitutos
1017 2594 1138 2644 uiros
1161 2590 1222 2644 ab
1244 2592 1425 2644 artium
1437 2585 1731 2641 oblectatione
1754 2604 1914 2638 arcere

172 2666 595 2745 uoluntJllastrium
605 2673 879 2724 animarum
887 2670 1194 2746 prassantiam
1206 2670 1492 2743 ingeniorum
1499 2663 1689 2739 ficorum
1711 2659 1915 2715 imbecil-

173 2744 310 2799 litate
327 2751 581 2801 metientos.
620 2741 765 2819 Qos
773 2763 830 2800 ut
840 2744 1000 2801 ualere
996 2745 1208 2820 finamus
1219 2786 1231 2805 ,
1247 2765 1334 2819 age
1355 2742 1606 2818 doctffisime
1618 2783 1631 2803 ,
1646 2738 1915 2814 &ornatifi

157 2824 279 2894 fime
304 2824 456 2898 Praful
465 2828 637 2878 ueteris
647 2846 748 2878 mea
760 2827 810 2878 in
819 2839 870 2879 te
883 2822 1177 2896 obstruantia
1190 2825 1528 2875 monimentum
1540 2816 1781 2892 accipe,&
1795 2837 1917 2871 com-

174 2905 432 2955 mentarios
444 2922 564 2956 meos
586 2909 634 2956 in
646 2904 762 2956 cM
778 2903 823 2957 V
822 2905 989 2975 itruuij
1000 2898 1412 2957 eArchiteHuram
1423 2898 1565 2951 editos
1580 2937 1593 2957 ,
1608 2895 1670 2954 Εἴ
1683 2893 1826 2949 tutela
1838 2910 1920 2945 tute

173 2980 514 3035 commendatos
536 2982 821 3056 amplectere.
834 2983 889 3035 In
899 2977 1065 3055 quibus
1068 2978 1115 3054 st
1120 2977 1240 3055 quid
1252 2980 1360 3038 erit,
1375 2976 1501 3052 quod
1507 2972 1608 3049 alus
1615 2970 1804 3050 prodcffe
1822 2969 1923 3093 podas-“2

1563 3064 1583 3086 a
1635 3061 1651 3095 3
1896 3059 1907 3082 ι
