2241 3318
926 114 1289 158 RORVS.
1837 121 1903 155 295

158 185 305 225 Fauonio
317 183 425 224 flante,
436 184 669 232 Scorpionibus
682 194 849 229 comparat
860 184 1015 230 :equalem
1024 183 1160 218 cursum.
1170 186 1215 218 Ita
1227 185 1282 219 Sol
1298 195 1332 218 ea
1344 183 1428 231 signa
1446 183 1651 231 peruagando
1670 181 1764 218 certis
1776 193 1905 228 tempo-

160 238 247 271 ribus
258 246 369 281 auget,
380 245 435 269 aut
445 235 564 269 minuit
573 234 709 272 dierum,
720 237 750 268 δι
762 233 913 266 horarum
925 230 1031 280 spatia.
1041 233 1141 266 Nunc
1151 233 1190 266 de
1200 234 1324 267 caeteris
1344 230 1518 278 syderibus,
1527 246 1597 279 quae
1613 232 1680 266 sunt
1690 233 1809 270 dextra,
1819 245 1855 266 ac
1868 231 1906 264 fi-

160 283 261 321 nistra
272 291 396 319 Zonam
408 282 573 331 lignorum
584 282 772 319 Meridiana,
783 282 1070 327 Sepoenrrionahss
1079 293 1165 327 parte
1177 282 1289 316 mundi
1299 280 1394 315 stellis
1405 281 1552 327 dispolita
1564 305 1572 320 ‚
1584 280 1753 328 figurataq3
1764 281 1880 313 dicam.

207 338 366 377 Rationem
381 333 583 375 crescentium,
596 337 636 371 &¹
649 330 874 373 decrescentium
884 332 997 364 dierum
1006 331 1096 376 affert
1104 336 1135 364 V
1135 331 1186 368 itr.
1189 329 1242 372 sed
1248 328 1390 367 breuiter,
1399 342 1435 363 ac
1443 332 1543 376 potius
1551 331 1684 376 effefium
1693 352 1702 368 ,
1713 329 1803 376 qudm
1812 331 1906 363 ratio-

156 393 234 419 nem,
244 392 333 428 quem
344 380 396 415 Sol
396 380 478 424 fficit
495 382 525 414 in
543 381 649 414 mundo
658 380 770 413 dierum
778 378 972 425 quantitatis,
980 380 1048 412 dum
1048 378 1167 423 signum
1184 390 1224 412 ex
1225 377 1310 423 signo
1320 379 1374 411 init
1386 402 1393 409 .
1403 380 1442 411 ad
1450 378 1506 412 boc
1515 381 1590 411 enim
1599 381 1676 412 ratio
1695 378 1790 412 breuis
1803 379 1902 412 dedu-

156 433 236 465 citur
245 452 254 467 ,
265 432 346 478 quod
353 429 405 464 Sol
409 429 502 477 supra
511 437 621 462 terram
630 429 760 462 maiores
768 449 778 464 ‚
790 436 843 461 aut
851 429 979 461 minores
994 439 1087 461 arcua
1096 428 1215 460 diurnos
1222 425 1299 468 facit
1309 451 1318 459 .
1345 427 1413 460 [deo
1423 426 1501 460 hanc
1519 439 1576 472 quo
1581 439 1635 473 que
1645 430 1788 461 rationem
1793 426 1904 469 fhlue-

156 489 238 516 mus,
248 480 394 513 rationem
401 476 599 519 “uniuersalem
612 477 771 523 afferentes
782 498 791 513 ‚
803 487 871 509 nam
883 487 918 509 eo
927 485 1076 522 tempore,
1085 487 1144 523 quo
1155 473 1239 509 nobis
1255 474 1424 516 decrescunt
1431 476 1543 508 dierum
1555 475 1732 520 spatia‚aliis
1740 484 1905 520 augentur,

155 529 220 561 ideo
230 526 347 570 causam
356 525 521 568 uniuersam
532 524 672 559 debemus
687 524 841 571 amplecti,
852 535 908 557 non
917 536 983 558 eam
991 546 1001 562 ‚
1011 535 1074 570 qux
1082 522 1168 558 nobis
1174 526 1252 558 citra
1261 523 1465 570 aquinoe‘lium
1471 522 1641 556 habitantes
1651 517 1766 556 tantum
1775 523 1904 565 inseruit.

85 600 101 626 ι
106 602 129 625 0
155 577 230 611 Dies
237 577 327 620 igitur
334 575 429 608 modis
437 572 556 607 duobus
563 575 696 621 capitur.
708 574 1050 621 Primumspatium,quo
1061 572 1140 606 Solis
1147 569 1388 614 circuitwssemel
1396 570 1560 613 uniuersum
1569 570 1664 605 ambit
1681 574 1803 604 termino
1814 571 1904 605 bora-

156 635 223 659 rum
230 632 363 672 quatuor
372 628 413 662 (y-
425 624 541 667 uiginti,
552 631 645 669 atque
653 621 713 656 hac
724 623 888 659 ordinaria,
899 621 1056 669 uulgataq5
1066 622 1112 655 es't
1120 623 1176 655 diei
1182 622 1328 666 acceptio,
1337 618 1496 664 ‘vulgatam
1505 621 1581 655 dico,
1593 621 1733 666 quoniam
1740 618 1905 660 Alii-orum

152 675 242 721 periti
249 670 377 706 ambitui
384 671 526 704 horarum
534 680 665 716 quatuor
676 676 716 710 &
724 673 830 716 uiginti
837 672 950 705 addunt
956 670 1088 717 amplius·
1097 692 1107 707 ,
1118 671 1148 704 id
1155 668 1271 713 scilicet
1280 690 1288 705 .
1299 670 1379 715 quod
1385 667 1437 701 Sol
1445 680 1478 701 eo
1481 668 1577 713 spatio
1586 676 1668 701 motu
1676 670 1827 701 contrario
1834 678 1906 714 per-

150 722 261 767 fecerit
270 745 280 753 .
307 725 346 757 ,A
347 729 418 766 tque
426 718 487 753 haec
490 722 591 766 prima
600 718 638 761 est
651 721 708 753 diei
715 721 850 766 acceptio
863 718 903 753 ab
911 719 1041 766 ipsaftre
1049 728 1158 752 natura
1173 729 1271 752 rerum
1281 716 1412 759 instituta
1420 739 1430 754 ,
1441 728 1534 764 neque
1552 719 1658 749 mirum
1662 715 1691 759 fi
1701 728 1733 749 eo
1738 716 1832 762 spatio
1843 726 1905 749 nox

156 769 338 807 includatur,
349 779 417 802 nam
425 769 543 802 ratione
551 767 741 812 uniuerfifsol
743 767 858 814 semper
866 767 949 802 lucet
956 790 966 806 ‚
977 773 1018 807 ό*
1026 769 1102 801 diem
1109 767 1213 815 aliquo
1221 766 1286 800 loco
1297 765 1379 810 facit
1388 790 1397 798 .
1422 764 1540 801 Altera
1549 766 1607 799 diei
1613 766 1747 810 acceptio
1758 766 1802 798 eft
1811 786 1820 802 ‚
1830 765 1906 797 diem

155 829 212 867 pro
224 830 257 853 eo
264 816 450 864 spatiofiimi,
461 828 519 863 quo
530 816 583 851 Sol
590 816 702 851 alicubi
704 817 797 863 fiipra
805 815 1109 862 horizontemftrtun
1118 817 1213 863 priori
1222 817 1307 849 modo
1318 816 1420 861 incipit
1429 816 1489 848 dics
1499 827 1518 847 a
1527 815 1657 851 meridie,
1669 818 1710 852 &
1718 814 1747 846 in
1755 813 1906 846 meridiem

153 868 327 914 sequentem
332 865 403 908 finit
413 887 424 904 ‚
436 867 576 912 quoniam
578 865 705 911 fingulis
714 874 864 899 terrarum
881 865 985 899 incolis
995 865 1058 908 suis
1065 867 1094 898 in
1111 862 1285 910 regionibm·
1296 861 1539 910 permanentibus
1554 864 1684 910 quotidie
1698 860 1797 896 Solad
1805 871 1907 894 eorum

159 917 308 949 meridiem
314 916 452 962 peruenit
471 917 511 948 ad
519 916 642 949 eundem
649 913 792 948 circulum
801 935 810 950 ‚
821 916 873 961 qui
877 923 934 961 per
944 915 1070 948 uertices
1079 936 1088 951 ‚
1098 919 1139 953 (φ
1148 914 1283 948 cardines
1291 913 1423 956 defertur
1431 933 1441 948 ‚
1451 913 1572 945 uerticis
1577 911 1721 958 punHum
1730 909 1834 944 Zenitb
1844 921 1907 942 uo-

157 973 229 999 cant
236 962 377 998 Barbari.
411 962 561 998 circulum
573 963 644 997 uero
653 963 732 997 illum
740 960 827 1003 nostri
835 964 1037 997 Meridianum
1042 963 1193 1009 appellant
1201 984 1211 999 ,
1221 973 1256 995 ea
1264 963 1299 995 de
1307 959 1405 1003 causa,
1414 961 1493 1007 quod
1501 961 1570 993 dum
1578 959 1679 1007 aliquo
1689 962 1718 993 in
1727 961 1789 992 eius
1797 957 1907 1004 punHo

157 1012 302 1059 Solfitper
312 1021 425 1046 terram
432 1021 543 1051 manet,
553 1013 702 1047 meridiem
706 1011 798 1055 fizcit,
805 1010 878 1053 fiius
887 1011 957 1045 uero
968 1013 1049 1058 cuiq;
1058 1011 1097 1055 fit
1106 1012 1284 1045 meridianus
1292 1008 1452 1051 uniusmodi
1461 1030 1470 1045 ‚
1481 1007 1551 1042 licet
1559 1008 1666 1051 diuersi
1669 1008 1732 1052 fint
1740 1008 1906 1041 meridiani.

160 1063 217 1097 Sed
221 1061 334 1108 punc'ia
346 1062 477 1097 orientis,
487 1066 526 1100 (y
537 1062 697 1096 occidentis
706 1060 783 1094 Solis
800 1062 996 1094 immutantur
1003 1083 1014 1098 ,
1023 1071 1092 1093 nam
1102 1061 1233 1093 uidemus
1241 1058 1338 1093 Solem
1350 1059 1467 1092 interim
1475 1069 1494 1090 a
1501 1069 1570 1091 uero
1580 1066 1648 1091 ortu
1657 1079 1665 1093 ‚
1675 1058 1794 1091 interint
1803 1068 1822 1089 a
1830 1056 1908 1089 late-

161 1109 244 1145 ribus
253 1111 437 1155 consurgere,
448 1111 614 1158 occidereq,·
623 1109 783 1156 aliquando
791 1110 831 1142 ad
840 1120 941 1142 uerum
950 1108 1087 1151 occasum
1098 1131 1107 1146 ‚
1117 1109 1277 1156 aliquando
1286 1107 1436 1141 declinare
1450 1133 1457 1139 .
1480 1112 1525 1141 Vt
1533 1109 1624 1151 igitur
1634 1107 1748 1139 dierum
1756 1106 1906 1138 uarietate

151 1159 282 1203 sciamus
292 1159 367 1191 unde
376 1159 478 1192 ueniat
488 1180 498 1195 ‚
509 1159 798 1193 animaduertendum
806 1158 852 1191 es‘i
860 1157 958 1191 Solem
967 1169 1025 1192 non
1041 1167 1122 1204 aeque
1130 1158 1259 1205 quotidie
1260 1156 1354 1202 supra
1365 1164 1477 1189 terram
1486 1156 1656 1200 consurgere
1666 1177 1675 1192 ‚
1685 1153 1782 1200 idem),-
1792 1155 1908 1187 euenire

157 1209 234 1242 diem
242 1208 300 1240 diei
300 1207 397 1253 spatio
405 1206 509 1253 ‘equali
514 1219 570 1240 non
580 1207 747 1253 respondere
754 1228 765 1244 ‚
775 1217 877 1240 uerum
892 1215 993 1241 tamen
1001 1207 1070 1240 illud
1078 1205 1115 1247 eft
1131 1214 1204 1252 quot
1207 1203 1354 1250 gradibus
1361 1202 1548 1246 abscedentia
1556 1203 1595 1238 ab
1605 1201 1800 1251 „equinoc‘iiali
1809 1204 1908 1235 oritur

157 1255 220 1293 Sol,
230 1257 352 1290 totidem
359 1257 451 1288 etiam
461 1257 490 1289 in
499 1255 631 1303 opposita
638 1264 726 1302 parte
734 1254 884 1290 decumbit
893 1280 903 1290 .
931 1257 1033 1289 Breuis
1043 1255 1112 1289 uero
1124 1278 1135 1292 ,
1148 1266 1187 1288 an
1204 1254 1293 1299 longa
1303 1252 1347 1297 fit
1355 1255 1412 1286 diei
1428 1264 1514 1286 mora
1525 1252 1640 1298 semper
1656 1251 1708 1285 Sol
1717 1253 1756 1285 ad
1755 1250 1843 1293 suum
1854 1262 1908 1283 cu—

159 1305 258 1351 iusque
267 1305 462 1338 meridianum
470 1304 613 1338 circulum
618 1306 756 1351 peruenit
765 1326 775 1341 ,
786 1315 840 1338 nec
854 1313 1013 1351 propterea
1020 1304 1134 1350 affirmo
1147 1304 1247 1337 eodem
1262 1311 1410 1336 momento
1412 1300 1542 1347 fingulis
1553 1301 1608 1344 effe
1617 1302 1766 1334 meridiem
1776 1323 1784 1332 .
1795 1305 1909 1333 Verum

159 1352 335 1395 iliudslatuo
344 1364 402 1399 quo
413 1354 479 1399 quis
490 1354 529 1387 ad
536 1355 678 1387 orientem
684 1354 825 1399 proxime
843 1363 943 1387 manet
951 1375 961 1391 ‚
971 1352 1069 1387 Solem
1078 1353 1120 1386 illi
1126 1354 1216 1386 citius
1226 1354 1317 1388 oriri,
1327 1356 1367 1390 ά·
1376 1352 1415 1384 ad
1423 1352 1485 1384 eius
1502 1351 1698 1383 meridianum
1709 1350 1864 1395 peruenire
1873 1371 1884 1379 .

160 1401 336 1448 Qarefieri
346 1400 439 1448 potest
447 1403 597 1436 meridiem
604 1399 754 1448 aliquibus
761 1400 827 1445 effe,
837 1407 878 1442 ά
888 1403 990 1436 eodem
998 1411 1131 1449 tempore
1139 1401 1208 1447 alijs
1216 1402 1289 1434 oriri
1304 1399 1402 1434 Solem
1410 1421 1420 1436 ,
1430 1397 1497 1444 alus
1505 1399 1639 1432 decidere
1647 1420 1656 1435 ‚
1669 1403 1710 1437 (φ
1718 1397 1787 1443 aliis
1794 1396 1849 1440 effic
1857 1398 1912 1429 in—

159 1449 331 1497 tempestam
341 1449 456 1483 noctem
465 1474 476 1484 .
505 1451 610 1495 ,Qiare
617 1461 687 1484 cum
695 1458 779 1483 terra
787 1462 827 1484 ex
834 1450 1003 1498 aliquorum
1009 1450 1168 1494 sententia,
1171 1449 1229 1492 [ὲκ
1235 1449 1314 1483 mille
1331 1447 1436 1482 leucas
1444 1445 1560 1481 ambiat
1568 1470 1577 1484 ,
1588 1446 1665 1480 Solis
1673 1456 1783 1493 corpus
1784 1443 1912 1490 fingulis

159 1499 242 1535 horis
244 1497 337 1545 supra
349 1496 577 1546 terrae,marisq;
583 1497 730 1533 ambitum
739 1498 844 1534 leucas
844 1499 926 1544 facit
955 1512 966 1532 ι
975 1504 997 1533 6
1003 1512 1014 1532 z
1025 1525 1033 1534 .
1061 1511 1119 1546 quo
1127 1499 1164 1540 fit
1171 1507 1205 1532 ut
1211 1497 1316 1545 aliqua
1334 1495 1416 1531 orbis
1419 1505 1507 1544 parte
1515 1496 1665 1538 noscentes
1671 1496 1727 1528 diei
1735 1492 1912 1540 boramposs

88 1581 90 1584 ,
154 1548 249 1593 fimus
259 1549 351 1581 etiam
360 1558 379 1580 a
391 1545 540 1581 lateribus
557 1549 684 1593 regionis
692 1547 797 1581 horam
805 1548 971 1594 dignoscere
978 1571 989 1586 ‚
998 1552 1114 1595 cognito
1131 1547 1216 1582 nobis
1224 1548 1375 1592 regionum
1393 1545 1547 1579 interuallo
1563 1542 1603 1578 ab
1612 1553 1680 1578 ortu
1694 1545 1723 1576 in
1732 1542 1865 1585 occafimi
1876 1566 1885 1575 .

86 1585 131 1622 3⁰
158 1601 256 1643 an
267 1595 366 1629 Solem
374 1597 403 1629 in
411 1597 535 1631 Arietis
543 1598 628 1630 initio
637 1597 811 1630 collocemus
821 1621 830 1636 ,
840 1599 921 1643 quod
925 1598 1072 1644 puneium
1087 1594 1376 1645 aequinoft'iumfizcit
1385 1617 1395 1632 ,
1407 1594 1477 1628 licet
1486 1597 1568 1629 Vitr.
1578 1595 1609 1626 id
1616 1592 1690 1626 uelit
1698 1592 1752 1636 effe
1767 1594 1796 1625 in
1805 1592 1913 1625 oeiaua

157 1654 258 1694 parte,
268 1645 348 1689 quod
355 1645 503 1691 quomodo
512 1645 734 1690 intelligendum
734 1645 896 1692 finposiea
906 1648 1141 1693 dicam.incipiat
1149 1645 1200 1680 Sol
1208 1644 1386 1687 aduerfiiffiffy*
1394 1645 1544 1677 contrario
1554 1651 1635 1675 motu
1641 1651 1697 1688 per
1698 1640 1834 1686 signi'fi’ri
1837 1648 1907 1686 par-

159 1704 207 1729 tes
215 1703 271 1727 con
269 1691 404 1741 fingere,
417 1694 610 1738 imaginemur
617 1695 675 1727 diei
680 1696 870 1741 principium,
878 1700 921 1734 (9-
925 1694 1016 1736 finem
1025 1704 1098 1729 tunc
1107 1693 1162 1738 effi’
1169 1717 1179 1731 ‚
1191 1704 1258 1728 cum
1268 1695 1296 1726 in
1307 1692 1392 1726 labro
1401 1692 1569 1737 horizontis
1577 1689 1616 1724 ab
1626 1698 1693 1724 ortu
1703 1696 1744 1729 ξφ
1757 1688 1796 1723 ab
1808 1687 1914 1731 occasu

162 1741 241 1777 Solis
249 1750 382 1775 centrum
386 1740 484 1785 fuerit
494 1763 504 1778 ,
515 1750 585 1775 tunc
599 1743 664 1775 dico
673 1744 761 1776 Diem
776 1743 862 1776 nocie
869 1745 982 1790 <equari
988 1765 999 1780 ‚
1019 1744 1157 1790 quoniam
1164 1742 1216 1777 Sol
1224 1743 1374 1776 dimidium
1383 1739 1518 1774 ambitus
1529 1739 1623 1786 supra
1639 1747 1752 1773 terram
1762 1736 1894 1782 defignat
1905 1761 1915 1769 .

163 1790 349 1825 Tantundem
358 1801 448 1824 mora
457 1791 530 1832 infra
541 1789 731 1835 horizontem
741 1792 861 1828 ducens,
873 1800 1017 1839 quantum
1019 1792 1158 1838 superius
1161 1801 1219 1838 per
1225 1799 1349 1837 apertas
1361 1790 1425 1824 coeli
1434 1791 1566 1834 regiones
1573 1789 1783 1834 permeauerit.
1801 1792 1915 1820 Mouea

161 1847 217 1873 tur
226 1839 272 1872 die
280 1839 340 1872 iam
345 1839 470 1886 perac'io
477 1847 582 1873 contra
596 1839 723 1882 uniuerfi
738 1839 935 1882 uei-stitionem
943 1862 953 1877 ‚
960 1850 1018 1886 per
1028 1840 1115 1885 figna
1122 1841 1286 1886 hig-rediens
1295 1861 1304 1876 ‚
1314 1838 1448 1886 quaesunt
1455 1840 1532 1872 citra
1550 1834 1780 1883 „equinotiialem
1789 1833 1891 1868 orbem
1904 1856 1916 1871 ‚

162 1886 300 1936 quaefimt
314 1893 447 1925 Taurios,
459 1889 583 1924 Gemini,
596 1893 719 1924 Cancer,
731 1893 800 1924 Leo,
810 1890 918 1934 Virgo.
928 1902 947 1923 a
956 1895 987 1924 V
987 1891 1038 1923 itr.
1042 1887 1287 1935 septentrionalia
1297 1896 1468 1934 nuncupata
1478 1909 1487 1923 ‚
1500 1887 1566 1919 dico
1574 1887 1636 1919 dies
1645 1885 1779 1932 quotidie
1789 1885 1916 1917 maiores

156 1938 291 1982 futuros,
303 1936 394 1969 donec
404 1935 455 1970 Sol
462 1937 501 1970 ad
512 1938 619 1971 cancri
623 1935 741 1981 fignum
756 1940 936 1983 peruenerit,
947 1951 966 1972 a
975 1950 1033 1985 quo
1044 1939 1210 1982 regrediens
1218 1959 1228 1974 ‚
1239 1938 1318 1970 vnde
1328 1938 1447 1983 Tropici
1464 1946 1568 1968 nornen
1577 1934 1732 1968 deduCZum
1743 1931 1781 1973 est
1790 1955 1798 1969 ,
1807 1931 1896 1979 perse
1903 1953 1914 1958 -

162 1986 286 2032 quentia
291 1984 378 2029 figna
384 1986 575 2030 permeando,
585 1983 735 2018 breuiores
743 1984 898 2028 diesfizcit.
925 1989 1046 2034 Tropici
1055 1985 1126 2020 uero
1140 1985 1284 2020 circulum
1295 1997 1362 2018 eum
1371 1987 1570 2030 imaginamur
1578 1982 1641 2026 effe,
1653 1994 1739 2029 quem
1740 1981 1769 2024 fi
1778 1980 1828 2015 Sol
1836 1987 1915 2015 Cau-

159 2045 206 2068 cri
211 2032 329 2078 fignum
339 2035 433 2066 iniens
443 2045 472 2067 tu
485 2032 555 2067 coelo
561 2042 740 2079 percurrens
740 2035 893 2077 formaret
906 2058 917 2073 ‚
926 2044 1029 2082 aperte
1036 2037 1202 2069 uideremus
1209 2035 1344 2079 vestigijs
1353 2036 1418 2068 eim
1428 2032 1538 2066 relfflis
1546 2054 1555 2068 ,
1567 2032 1811 2078 quemadmodum
1819 2031 1917 2073 xqui-

88 2079 135 2115 40
162 2081 318 2116 noelialem
333 2080 434 2116 orbem
442 2084 637 2127 imaginemur
647 2093 725 2120 eum,
735 2094 823 2130 quem
831 2085 919 2117 unius
928 2086 985 2117 diei
987 2084 1083 2130 spatio
1092 2085 1121 2117 in
1128 2086 1225 2130 prima
1233 2085 1424 2120 Arietis,aut
1434 2080 1525 2115 Librae
1537 2089 1625 2127 parte
1633 2086 1647 2113 5
1655 2079 1684 2113 01
1692 2082 1721 2113 in
1731 2078 1800 2112 coelo
1809 2079 1917 2122 desor—

161 2139 270 2168 maret,
274 2130 303 2175 fi
308 2130 358 2174 fiii
367 2130 469 2173 cursus
474 2129 731 2178 apertas-semitas
743 2129 920 2173 describeret
933 2157 942 2166 .
968 2138 1009 2168 A
1017 2135 1132 2179 tropico
1148 2134 1240 2177 igitur
1249 2131 1392 2174 descendit
1401 2129 1453 2164 Sol
1461 2151 1471 2167 ,
1480 2131 1606 2163 minores
1612 2141 1701 2162 arcus
1709 2130 1820 2162 dierum
1824 2126 1918 2174 perfia¹

162 2182 242 2214 ciens
246 2178 338 2226 supra
347 2181 614 2226 terram‚quoniam
626 2191 695 2213 uero
705 2179 878 2224 reuerfionis
890 2190 1024 2229 tempore
1028 2191 1138 2229 parum
1146 2182 1259 2214 moueri
1266 2181 1394 2216 uidetur,
1412 2180 1491 2225 quod
1499 2190 1539 2212 ex
1547 2176 1695 2212 vmbraru'
1703 2174 1920 2210 mutationibus

163 2227 413 2275 deprehendimus,
423 2230 490 2262 ideo
499 2236 615 2274 ternpus
623 2228 693 2262 illud
697 2228 854 2271 fiilftitium
864 2234 1060 2264 nominamus.
1087 2236 1170 2265 Tunc
1179 2231 1242 2264 dies
1250 2228 1427 2274 longiffimus
1435 2226 1473 2270 eft
1484 2229 1521 2273 ijs
1529 2248 1538 2263 ,
1548 2229 1601 2274 qui
1608 2228 1687 2260 citra
1696 2225 1859 2273 cequinoliij
1868 2237 1916 2258 or-

163 2275 230 2312 bem
238 2275 390 2314 habitant,
403 2282 444 2316 &⁸
458 2289 520 2311 nox
528 2276 565 2318 eft
575 2275 752 2322 breufflma,
765 2283 806 2317 <sy
816 2286 903 2312 tanto
911 2279 1027 2324 longior
1035 2277 1074 2320 esi
1083 2281 1146 2312 dies
1156 2300 1165 2315 ‚
1180 2284 1221 2318 (μ’
1231 2276 1350 2312 breuior
1358 2288 1420 2311 nox
1427 2299 1437 2314 ,
1447 2284 1560 2323 quanto
1570 2274 1727 2322 obliquiori
1735 2272 1849 2308 ambitu
1859 2272 1916 2305 ho-

162 2327 250 2371 rizon
258 2327 437 2359 terminatur
451 2352 460 2360 .
471 2330 561 2372 ‘Ram
574 2325 626 2360 sol
635 2329 681 2371 ijs,
693 2328 746 2374 qui
755 2329 852 2372 magis
861 2328 1035 2362 inclinatum
1044 2326 1156 2361 habent
1166 2327 1366 2373 horizontem,
1377 2328 1472 2371 magis
1479 2323 1628 2370 confiargit
1635 2347 1644 2361 ‚
1655 2323 1791 2369 &fiipra
1800 2331 1915 2356 terram

163 2375 272 2409 diutius
281 2385 395 2407 moram
400 2373 492 2417 facit,
504 2376 580 2408 unde
591 2373 668 2408 lucis
672 2375 804 2422 spatium
818 2378 914 2410 maius
921 2375 968 2418 eft,
979 2388 1073 2424 quare
1074 2375 1170 2419 fficile
1178 2376 1362 2412 emendatur,
1372 2375 1451 2422 quod
1458 2375 1487 2407 in
1496 2379 1525 2409 V
1527 2376 1578 2407 itr.
1587 2373 1705 2416 legitur,
1723 2373 1776 2414 {ad
1784 2371 1913 2406 canerit,

163 2425 216 2471 qui
230 2421 425 2468 breuissimum
433 2431 514 2457 tenet
523 2423 574 2456 ciel
580 2425 590 2456 i
592 2424 751 2470 spatium}
772 2435 840 2458 narn
849 2424 1005 2471 legendum
1021 2426 1067 2460 eft
1077 2447 1087 2463 ,
1098 2424 1291 2470 longiffimum
1300 2425 1416 2458 ratione
1425 2422 1502 2457 Solis
1510 2444 1519 2460 ,
1529 2424 1581 2469 qui
1589 2423 1682 2455 iniens
1692 2418 1916 2464 cancrifignum

163 2473 259 2506 maius
268 2474 326 2505 iter
336 2472 429 2519 fiipra
438 2471 629 2517 horizontem
639 2481 826 2519 peruagatur
835 2498 844 2507 .
859 2487 878 2506 a
882 2473 1005 2516 fiilftitio
1015 2475 1181 2520 regrediens
1190 2472 1242 2507 Sol
1249 2474 1288 2506 ad
1289 2472 1446 2518 sequentia
1447 2470 1533 2516 figna
1542 2468 1782 2516 depreffiorm&
1790 2469 1923 2505 minores,

163 2533 255 2555 arcus
266 2522 388 2555 diurnos
396 2521 678 2566 efficiens‚contimto
691 2524 818 2555 minores
826 2521 915 2568 efficit
924 2525 986 2557 dies
995 2545 1006 2561 ‚
1015 2524 1107 2557 donec
1113 2524 1286 2569 perueniens
1295 2523 1335 2555 ad
1345 2519 1464 2554 Libram
1464 2519 1593 2562 secundo
1601 2527 1703 2565 aequat
1713 2519 1774 2550 dies
1781 2513 1917 2549 nostibus

94 2571 138 2610 50
165 2571 241 2604 unde
247 2569 425 2604 autumnale
436 2568 644 2616 aequinoc‘lium
650 2569 690 2611 fit
699 2593 709 2608 ,
719 2570 922 2619 descendensq3
931 2573 1062 2619 quotidie
1070 2572 1110 2605 ad
1115 2571 1261 2604 ulteriora
1263 2570 1363 2615 figna,
1365 2568 1481 2612 scilicet
1489 2569 1677 2614 Scorpionem
1688 2588 1698 2603 ‚
1707 2566 1916 2610 Sagittarium,

170 2620 395 2665 Capricornum,
403 2620 584 2666 ⁸Aquarium
592 2640 604 2656 ‚
616 2624 657 2658 ξφ
666 2619 768 2662 ‘Pisces
777 2641 787 2656 ,
797 2631 860 2666 quae
861 2619 948 2666 signa
956 2621 1119 2654 meridiana
1136 2627 1360 2665 nuncupantur,
1371 2619 1476 2651 uarias
1485 2615 1573 2662 efficit
1589 2616 1702 2648 dierum
1719 2614 1897 2646 mutationes
1904 2633 1915 2648 ,

166 2678 237 2701 nam
245 2666 338 2710 usque
347 2669 386 2701 ad
393 2669 511 2702 initium
522 2669 698 2713 Capricorni
712 2669 773 2701 dies
780 2667 933 2702 breuiores
940 2670 1112 2705 redduntur,
1126 2679 1193 2702 cum
1201 2676 1300 2701 autem
1311 2668 1523 2713 Capricornum
1533 2662 1584 2697 Sol
1591 2665 1645 2696 init
1654 2685 1663 2699 ,
1672 2661 1851 2705 breuiffimus
1857 2661 1919 2693 dies

167 2716 315 2753 redditur,
327 2720 368 2755 (9·
376 2724 542 2763 propterea
553 2717 615 2750 dies
624 2716 672 2750 ille
679 2714 797 2754 bruma,
807 2730 826 2750 a
835 2715 995 2754 breuitate,
1005 2719 1176 2750 nominatur
1185 2740 1194 2749 .
1220 2714 1281 2749 Sub
1293 2716 1474 2761 Capricorno
1482 2715 1573 2757 igitur
1582 2709 1650 2745 Sole
1650 2709 1796 2753 subeunte
1803 2708 1920 2753 longio-

168 2775 218 2798 res
227 2763 329 2797 noctes
337 2765 502 2798 redduntur
514 2764 563 2799 his
576 2786 586 2802 ‚
597 2766 649 2812 qui
665 2766 744 2799 citra
755 2766 957 2812 aequinofflum
967 2764 1118 2802 habitant,
1128 2776 1196 2798 nam
1204 2766 1249 2809 ijs,
1259 2766 1310 2810 qui
1321 2762 1413 2798 ultra,
1423 2772 1524 2795 terrac
1531 2759 1663 2794 incolunt
1672 2781 1681 2796 ‚
1692 2760 1874 2793 contrarium
1881 2768 1920 2790 ac

169 2813 252 2850 cidit,
263 2823 331 2846 nam
340 2814 436 2846 diurni
445 2824 537 2847 arcus
547 2815 675 2847 maiores
685 2835 695 2850 ,
705 2815 842 2848 nocturni
850 2816 980 2847 minores
989 2813 1070 2855 fiunt
1086 2817 1131 2860 ijs,
1141 2812 1224 2861 Solq;
1243 2811 1383 2854 uersando
1392 2809 1452 2852 snb
1465 2821 1500 2843 ea
1511 2808 1597 2854 signa
1614 2819 1715 2841 eorum
1727 2806 1918 2852 horizontem

179 2861 293 2907 insuper
306 2862 416 2895 diutius
425 2871 564 2895 moratur
574 2886 584 2896 .
608 2867 649 2898 ,A
659 2864 838 2909 Capricorno
848 2864 1015 2907 regrediens
1024 2885 1034 2900 ‚
1044 2864 1186 2909 quoniam
1194 2859 1236 2895 ibi
1244 2870 1362 2906 quoque
1369 2857 1407 2900 eft
1414 2857 1492 2892 alius
1500 2855 1680 2902 regrtffionis
1687 2854 1828 2891 circulus,
1830 2854 1921 2897 scan-

173 2911 242 2944 dere
251 2911 347 2955 magis
357 2911 462 2956 incipit
472 2932 483 2947 ‚
496 2915 538 2949 &⁴
549 2911 609 2945 dim
616 2922 669 2944 nos
676 2923 767 2945 arcus
772 2912 938 2958 producere
946 2932 956 2947 ,
970 2912 1063 2944 donec
1071 2919 1187 2956 aequata
1205 2909 1273 2943 noti
1274 2920 1290 2941 e
1303 2909 1359 2941 diei
1381 2908 1421 2941 ad
1429 2908 1574 2942 ,Arietem
1585 2927 1595 2943 ‚
1602 2918 1622 2938 a
1630 2917 1688 2951 quo
1697 2905 1810 2937 moueri
1815 2904 1901 2950 coepit
1908 2923 1920 2939 ‚

171 2959 283 2992 iterum
297 2967 473 2992 reuertatur
482 2983 491 2992 .
519 2965 588 2993 Hac
597 2972 616 2993 a
627 2961 710 2994 Vitr.
721 2959 891 3002 diciafimt‚
901 2961 930 2992 in
942 2957 1050 3005 quibus
1058 2957 1190 2992 breuiter
1212 2956 1308 2990 multa
1317 2954 1395 2998 Jcitu
1404 2956 1491 3001 digna
1499 2955 1615 3000 collegit
1624 2979 1634 2988 .
1658 2958 1750 2998 ‘Nam
1764 2963 1821 2986 non
1825 2950 1922 2995 solum

166 3006 321 3053 signorum
331 3008 416 3044 ordo,
429 3012 471 3046 &r
480 3019 548 3041 num
553 3019 631 3045 erus,
634 3007 689 3049 sed
700 3010 792 3041 etiam
798 3007 996 3053 figurationes
1003 3006 1169 3041 declarauit
1176 3029 1186 3043 ‚
1197 3014 1229 3039 ut
1238 3005 1270 3038 hi
1277 3006 1329 3052 qui
1328 3004 1459 3051 sphaeras
1466 3002 1748 3046 construunt,fi·iant
1756 3012 1814 3048 quo
1824 3000 1926 3033 ordine

97 3057 144 3091 60
173 3061 216 3096 &-
224 3053 333 3103 quibus
342 3056 436 3090 modis
450 3058 591 3103 imagines
600 3056 676 3092 collo
682 3065 789 3092 centur
797 3078 809 3096 ‚
818 3067 887 3090 nam
896 3054 948 3091 Sol
956 3057 1101 3091 Arietem
1109 3057 1163 3090 init
1178 3067 1199 3089 a
1207 3055 1306 3101 capite
1315 3075 1324 3091 ‚
1341 3059 1473 3088 Taurum
1486 3064 1507 3086 a
1515 3052 1612 3087 cauda
1621 3076 1630 3085 .
1640 3057 1682 3091 όν
1696 3049 1810 3097 reliqua
1825 3049 1926 3092 eodem

1838 3098 1927 3132 modo

86 1092 132 1119 20
