2241 3318
933 118 1298 171 RORVJ.
1857 118 1924 151 281

173 208 216 243 ψ’
232 212 268 247 g.
292 199 361 234 ,Aio
369 195 598 239 cubumfttc'lum
607 206 648 230 ex
656 192 734 228 linea
744 193 772 237 f.
792 194 861 235 fore
871 202 953 239 „equa
960 188 1019 223 lem
1033 188 1184 235 proposito
1198 187 1295 231 solido
1315 201 1336 223 a
1356 186 1377 222 b
1396 190 1451 222 cd.
1472 197 1542 222 nam
1551 197 1591 221 ex
1599 186 1767 221 corollario.
1783 199 1795 220 r
1805 198 1837 227 9.
1845 186 1927 229 sexti

172 252 352 297 'quadratum
361 257 401 280 ex
409 246 437 289 f.
456 247 497 287 ad
523 246 683 283 uadratum
693 254 733 277 ex
752 254 768 275 e
780 238 935 285 factumst?
945 236 1039 278 hahet
1049 240 1094 271 uti
1112 251 1129 271 c
1145 238 1175 270 d.
1196 238 1236 271 ad
1246 238 1274 280 fi
1294 239 1484 283 &quoniam
1491 248 1532 271 ex
1545 248 1598 281 34.
1608 237 1752 270 undecimi
1757 235 1855 278 solida
1868 245 1926 283 pa-

172 297 357 344 rallelipeda,
367 306 492 342 quorum
525 294 587 337 ases
599 289 805 327 altitudinibus
815 298 921 323 mutua
930 288 1156 333 comparatione
1165 284 1550 332 respondent‚aequaliasunt
1569 306 1580 322 ,
1601 286 1665 318 ideo
1681 283 1857 332 confisquens
1876 282 1927 325 est,

172 356 205 382 ut
216 344 311 380 cubus
320 356 361 378 ex
372 344 401 387 f.
410 342 454 386 fit
462 341 675 388 aqualisfizlido
689 338 903 386 parallelipedo
921 348 941 370 a
969 333 988 377 b
1016 347 1034 369 c
1058 335 1088 376 d,
1110 336 1204 373 &ita
1213 331 1310 375 nostra
1315 341 1402 384 patet
1410 335 1544 370 intentio.
1558 335 1637 369 Hinc
1646 344 1766 382 quoque
1774 333 1926 379 colligitur

171 396 250 448 quod
256 392 366 443 absque
373 390 551 438 difficultate
559 387 706 425 lateribus
714 385 893 429 constantem
916 382 1085 419 columnam
1090 381 1241 431 pofficmus
1250 384 1278 416 in
1288 380 1396 417 cubum
1403 381 1565 426 transferre
1576 404 1587 422 ‚
1595 393 1664 416 nam
1677 381 1924 432 parallelipedum

726 488 860 521 Secunda
873 483 1046 532 proprietas
1056 480 1135 518 line-e
1143 479 1240 526 flexa.

735 1000 767 1038 1„
1035 1015 1047 1029 v

101 1112 145 1137 ιο
1063 996 1070 1151 Ι
1285 1091 1311 1148 k

176 1419 257 1466 quod
268 1415 363 1451 habet
367 1426 424 1464 pro
433 1414 497 1459 bafi
504 1417 685 1462 quadratum
694 1414 807 1464 equale
819 1415 882 1460 basi
895 1414 1036 1451 columna
1045 1413 1192 1451 lateribus
1199 1414 1375 1452 constantis,
1385 1419 1426 1455 όν
1435 1414 1529 1447 eidem
1545 1410 1686 1447 columna
1701 1412 1846 1461 „equalem
1862 1411 1937 1446 alti·

176 1464 433 1512 tudinem‚aequale
442 1464 479 1506 esi
487 1465 578 1500 eidem
588 1464 740 1499 columna.
747 1471 776 1499 H
779 1477 813 1499 oc
821 1477 938 1513 quoque
946 1465 1012 1502 loco
1022 1465 1092 1510 effiet
1100 1464 1326 1511 uagantium&
1336 1462 1539 1504 ostendendum
1548 1472 1608 1507 qua
1625 1463 1742 1496 ratione
1756 1461 1938 1505 diuerfiarum

168 1525 312 1559 generum
323 1512 422 1559 figura
431 1522 534 1547 mutuo
543 1523 759 1549 conuertantur
769 1536 779 1551 ,
790 1519 831 1553 ἕρ·
840 1515 986 1561 quomodo
995 1516 1098 1548 eadem
1109 1512 1306 1561 duplicentur,
1320 1516 1362 1551 &-
1373 1511 1562 1559 triplicentur
1570 1531 1580 1547 ‚
1591 1518 1683 1557 atque
1690 1513 1782 1545 etiam
1791 1508 1937 1557 multipli-

173 1571 289 1596 centur.
294 1561 346 1605 fiffd
356 1561 475 1608 longum
486 1562 543 1596 hoc
557 1565 678 1597 nimium
689 1562 758 1607 effet
769 1584 780 1600 ‚
792 1575 886 1610 quare
895 1564 936 1597 ad
945 1563 1175 1598 mathematicos
1182 1564 1335 1597 remittam
1337 1559 1480 1604 studiosos
1489 1580 1501 1596 ,
1511 1563 1551 1598 ΰ*
1563 1558 1622 1605 ipse
1630 1560 1669 1593 ad
1687 1565 1718 1595 V
1718 1561 1770 1595 itr.
1778 1562 1935 1594 accedam.

102 1604 147 1640 30
225 1611 306 1646 Cvm
325 1611 462 1646 haeciint
473 1622 538 1644 tam
551 1613 678 1658 magnis
703 1611 927 1645 doctrinarum
949 1611 1204 1647 iucunditatibus
1219 1607 1435 1644 animaduersa
1446 1611 1498 1648 ‚&
1512 1618 1671 1654 cogamur
1687 1608 1873 1643 naturaliter
1888 1608 1940 1641 in-

175 1658 387 1694 uentionibus
397 1658 590 1706 singularum
602 1672 709 1695 rerum
721 1661 957 1699 considerantes
969 1659 1103 1696 effectus
1116 1660 1255 1694 moueri:
1273 1659 1388 1693 multas
1411 1670 1464 1692 res
1481 1655 1649 1691 attendens
1659 1679 1669 1696 ‚
1678 1656 1822 1691 admiror
1837 1656 1940 1690 etiam

180 1708 368 1742 Democriti
377 1707 416 1741 de
426 1719 531 1741 rerum
541 1720 652 1743 natura
661 1709 841 1746 uolumina,
853 1713 884 1742 &
895 1709 961 1742 eius
974 1709 1257 1748 commentarium,
1269 1707 1360 1755 quod
1369 1705 1552 1741 inscribitur
1571 1703 1799 1742 chirotoniton
1808 1729 1820 1746 ,
1829 1705 1862 1740 in
1869 1716 1940 1753 quo

177 1757 275 1790 etiam
286 1756 434 1791 utebatur
443 1758 566 1790 annulo
575 1780 585 1795 ‚
595 1756 722 1804 fignans
732 1769 811 1790 caera
821 1770 858 1790 ex
882 1757 977 1791 milto
987 1770 1056 1805 quae
1077 1756 1151 1792 esset
1169 1767 1330 1804 expertus.

229 1805 446 1840 Chirotoniton.
457 1807 708 1841 commentarium
716 1806 761 1840 est
767 1805 949 1849 seleeiarum
957 1803 1259 1854 c'omprobatarumzss
1269 1817 1368 1840 rerum
1379 1830 1389 1839 .
1400 1803 1522 1841 'Plinius
1535 1804 1719 1840 chirocineta
1728 1812 1832 1839 uocat.
1857 1810 1939 1839 Her-

177 1853 301 1888 molam
311 1855 402 1888 etiam
411 1853 522 1899 legeret
530 1857 732 1889 caerocinauon
741 1877 750 1891 ,
760 1854 845 1901 quasi
855 1867 894 1889 ex
904 1867 977 1889 caera
985 1878 996 1893 ‚
1008 1862 1048 1895 (9⁴
1058 1858 1187 1902 imagine
1197 1854 1384 1902 exemplari,
1396 1865 1466 1889 nam
1486 1855 1632 1888 cinnauon
1648 1855 1807 1900 imaginem
1815 1854 1887 1888 dicit
1887 1852 1940 1897 fi-

173 1901 326 1948 gnificari,
337 1914 425 1950 quam
426 1902 568 1949 statuaris
576 1912 646 1937 ante
655 1903 757 1937 oculos
774 1912 885 1938 tenent.
901 1906 946 1937 ita
955 1908 1146 1940 Democritus
1154 1907 1183 1938 in
1199 1915 1275 1939 caera
1279 1902 1426 1951 pingebat
1443 1904 1632 1948 exprimenta
1642 1925 1653 1941 ,
1664 1911 1698 1936 ut
1708 1914 1743 1936 ea
1753 1911 1824 1936 ante
1836 1901 1942 1936 oculos

180 1960 283 1985 tenens
293 1954 439 1986 memoria
449 1954 668 1988 commendaret
677 1977 686 1986 .
697 1956 773 1987 unde
781 1951 837 1986 hoc
852 1964 970 2000 quoque
978 1955 988 1987 i
993 1956 1076 1988 nnuit
1086 1961 1118 1990 V
1119 1956 1170 1988 itr.
1184 1964 1253 1988 cum
1261 1954 1344 1988 dicat
1351 1974 1363 1990 ‚
1390 1954 1443 1997 {in
1453 1962 1512 1999 quo
1521 1954 1612 1987 etiam
1619 1950 1765 1987 utebatur
1772 1950 1883 1987 annulo
1886 1950 1941 1996 si—

176 2011 274 2046 gnans
285 2011 360 2034 caera
369 2012 409 2035 ex
418 2000 503 2034 mitto
513 2003 527 2043 }
552 2000 757 2047 miltongraece*
767 2023 777 2039 ‚
787 2000 1074 2048 miniumfigntficat,
1085 2013 1121 2038 ut
1129 2004 1206 2037 dixi.

232 2049 334 2083 ERGO
352 2061 468 2084 eorum
480 2050 626 2084 uirorum
637 2050 778 2096 cogitata
791 2072 801 2087 ‚
814 2063 880 2084 non
891 2048 996 2084 solum
1007 2051 1046 2085 ad
1058 2064 1167 2086 mores
1179 2051 1393 2098 corrigendos
1405 2076 1417 2090 ,
1427 2049 1478 2084 sed
1490 2050 1586 2084 etiam
1605 2049 1646 2086 ad
1658 2050 1807 2084 omnium
1819 2049 1941 2084 utilita-

105 2096 153 2132 40
182 2108 249 2132 tem
260 2098 419 2145 perpetuo
429 2097 499 2132 sunt
510 2098 901 2145 praeparata.Athletarum
915 2102 988 2133 autc
999 2101 1187 2135 nobilitates
1196 2100 1286 2135 breui
1296 2099 1396 2146 spatio
1406 2111 1480 2134 cum
1491 2097 1551 2132 suis
1560 2099 1754 2146 corporibus
1764 2097 1937 2141 senescunt.

183 2153 297 2193 ltaque
307 2159 410 2194 neque
420 2160 493 2182 cum
505 2148 642 2181 maxime
656 2145 727 2181 sunt
738 2143 903 2185 florentes,⁴
916 2160 1021 2195 neque
1031 2149 1218 2196 posteritate
1227 2174 1236 2188 ‚
1250 2160 1355 2194 neque
1368 2147 1520 2182 institutis
1531 2148 1561 2181 hi
1578 2172 1587 2188 ‚
1597 2147 1877 2196 quemadmodum
1895 2146 1943 2182 sa-

183 2196 329 2242 pientum
341 2196 496 2243 cogitata,
506 2195 677 2230 hominum
689 2197 761 2230 uitae
773 2195 918 2243 prodesse
927 2196 1056 2244 possunt
1067 2223 1077 2233 .
1107 2199 1194 2233 Cum
1208 2210 1285 2232 uero
1297 2209 1401 2243 neque
1412 2196 1570 2235 moribus,
1581 2209 1687 2243 neque
1700 2196 1855 2232 institutis
1867 2195 1945 2230 scri-

184 2254 319 2291 ptorum
338 2244 562 2291 praestantibus
574 2245 757 2279 tribuantur
765 2246 923 2285 honores,
933 2244 998 2292 ipse
1006 2259 1113 2281 autem
1127 2259 1181 2293 per
1190 2244 1219 2281 se
1230 2257 1353 2280 mentes
1364 2246 1443 2279 aeris
1453 2245 1567 2280 altiora
1578 2244 1811 2292 prospicientes
1829 2258 1942 2280 memo

185 2292 305 2326 riarum
315 2292 467 2339 gradibus
477 2293 515 2331 ad
523 2294 649 2330 coelum
660 2294 748 2327 elatae
762 2315 772 2331 ,
782 2306 853 2327 aeuo
862 2295 1037 2329 immortali
1050 2309 1117 2330 non
1129 2296 1233 2330 modo
1252 2292 1423 2329 sententias
1432 2318 1442 2334 ‚
1454 2293 1505 2328 sed
1514 2295 1614 2328 etiam
1630 2293 1749 2341 figuras
1759 2306 1872 2329 eorum
1882 2306 1944 2338 po-

184 2339 274 2375 steris
287 2353 411 2387 cogunt
422 2340 480 2376 esse
490 2354 594 2377 notas.
622 2344 736 2389 Itaque
769 2343 823 2389 qui
835 2343 996 2377 literarum
1006 2344 1261 2379 iucunditatibus
1270 2342 1439 2377 instructas
1458 2342 1578 2377 habent
1588 2355 1723 2381 mentes,
1735 2356 1802 2377 non
1814 2341 1944 2390 possunt

187 2402 258 2424 non
268 2391 302 2424 in
314 2388 374 2424 suis
385 2391 572 2436 pe&oribus
582 2391 768 2429 dedicatum
780 2391 907 2429 habere,
918 2391 1007 2427 sicuti
1015 2393 1179 2432 Deorum,
1193 2392 1234 2427 fic
1248 2395 1280 2426 &
1292 2393 1387 2436 Ennij
1402 2394 1510 2426 Poetae
1520 2390 1748 2426 simulachrum
1761 2417 1770 2426 .
1782 2392 1877 2437 Accij
1887 2405 1944 2426 au-

185 2449 251 2472 tem
261 2439 456 2474 carminibus
466 2464 476 2479 ‚
494 2444 549 2485 qui
569 2437 708 2475 studiose
728 2440 929 2474 delectantur
938 2466 949 2479 ‚
967 2453 1036 2476 non
1048 2442 1152 2476 modo
1171 2441 1349 2476 verborum
1372 2441 1507 2475 uirtutes
1518 2465 1528 2480 ,
1539 2439 1592 2474 sed
1610 2440 1708 2475 etiam
1720 2440 1857 2488 figuram
1876 2441 1946 2475 eius

186 2488 338 2524 uidentur
356 2486 461 2522 secum
477 2489 593 2524 habere
611 2489 795 2536 praesentcm
807 2515 815 2524 .
842 2492 926 2523 Item
947 2491 1052 2537 plures
1072 2489 1146 2537 post
1158 2489 1300 2525 nostram
1323 2490 1514 2524 memoriam
1526 2488 1687 2523 nascentes
1700 2502 1774 2523 cum
1787 2491 1943 2525 Lucretio

186 2536 404 2577 uidebuntur,
415 2539 507 2571 uelut
523 2551 631 2572 coram
643 2564 654 2580 ,
666 2538 706 2572 de
716 2551 820 2572 rerum
831 2549 940 2572 natura
950 2538 1125 2585 disputare:
1136 2539 1176 2574 de
1187 2551 1253 2574 arte
1264 2551 1344 2574 uero
1356 2538 1533 2572 Rhetorica
1544 2550 1618 2572 cum
1628 2538 1791 2572 Cicerone
1800 2564 1809 2572 .
1842 2538 1944 2573 Multi

115 2585 159 2621 50
188 2584 393 2632 posterorum
405 2599 478 2621 cum
489 2587 634 2621 Varrone
645 2585 814 2631 confer-ent
832 2584 1010 2622 sermonem
1022 2587 1062 2621 de
1073 2588 1182 2634 lingua
1193 2589 1290 2622 latina
1302 2613 1311 2622 .
1339 2587 1420 2620 Non
1431 2587 1536 2621 minus
1547 2586 1643 2620 etiam
1656 2587 1760 2632 plures
1781 2586 1946 2633 philologi

189 2646 265 2668 cum
276 2635 472 2669 Graecorum
483 2634 676 2682 sapientibus
685 2636 786 2670 multa
797 2634 1011 2671 deliberantes
1021 2635 1160 2671 secretos
1176 2649 1251 2671 curn
1261 2636 1309 2670 his
1322 2634 1522 2670 uidebuntur
1537 2634 1652 2668 habere
1671 2633 1832 2668 sermones
1845 2638 1892 2673 ‚&
1902 2635 1945 2671 ad

189 2681 346 2717 summam
356 2683 544 2731 sapientium
555 2683 747 2731 scriptorum
758 2683 918 2718 sententiae
928 2685 1125 2730 corporibus
1134 2683 1314 2719 absentibus
1334 2682 1488 2718 uetustate
1497 2682 1652 2717 florentes
1662 2706 1672 2721 ,
1684 2695 1759 2717 cum
1769 2682 1877 2717 insunt
1889 2683 1946 2717 in-

190 2742 240 2767 ter
248 2731 389 2770 confilia,
399 2736 430 2766 δέ
441 2732 671 2779 disputationes
684 2733 821 2767 maiores
832 2733 1060 2780 habent,quam
1071 2733 1270 2779 praesentium
1282 2732 1351 2766 sunt
1360 2732 1570 2766 authoritates
1582 2743 1706 2765 omnes.
1717 2734 1830 2778 Itaque
1840 2731 1944 2766 Caesar

191 2781 240 2816 his
249 2779 437 2816 authoribus
447 2779 545 2816 fretus
558 2781 696 2816 sensibus
706 2793 819 2815 eorum
829 2781 979 2816 adhibitis
988 2786 1020 2817 δε
1031 2783 1170 2827 confilijs
1179 2804 1189 2820 ‚
1201 2794 1236 2816 ca
1248 2781 1414 2815 volumina
1425 2778 1596 2826 conscripsi
1608 2804 1620 2818 ‚
1629 2782 1662 2813 δι
1675 2781 1840 2826 prioribus
1856 2779 1943 2827 septe

192 2829 233 2863 de
243 2828 398 2873 aedificijs,
410 2830 531 2864 ostano
543 2832 582 2866 de
591 2831 682 2878 aquis
693 2853 704 2868 ,
714 2831 746 2864 in
758 2829 821 2864 hoc
833 2830 872 2865 de
881 2831 1104 2865 Gnomonicis
1116 2829 1295 2865 rationibns
1306 2828 1585 2875 quemadmodum
1595 2839 1637 2862 eae
1648 2828 1741 2874 radijs
1752 2827 1827 2863 solis
1838 2830 1872 2864 in
1881 2830 1940 2863 msa

193 2879 239 2912 do
249 2877 318 2912 sunt
329 2890 384 2924 per
393 2878 541 2913 umbram
553 2880 731 2926 gnomonis
742 2879 886 2924 inuente,
896 2878 1047 2927 quibusq;
1059 2880 1236 2915 rationibus
1249 2878 1423 2912 dilatentur
1433 2901 1442 2916 ,
1451 2888 1506 2911 aut
1516 2877 1748 2912 contrahantur
1760 2877 1940 2924 explicabo.

245 2934 330 3011 Cljrte
338 2938 391 2973 ego
399 2926 541 3020 Ισαὲἶῗηιω
545 2931 718 2976 prooemium
728 2926 781 2973 effi:
796 2936 937 2976 putarem
947 2949 957 2966 ³
967 2931 1107 2977 quoniam
1115 2930 1191 2965 idem
1200 2927 1299 2973 sensus
1303 2936 1358 2976 per
1367 2937 1467 2962 omnes
1483 2928 1545 2961 eius
1550 2935 1658 2975 partes
1666 2927 1790 2975 conspici
1799 2928 1898 2971 potest
1906 2950 1917 2961 .

195 2978 253 3013 Sed
282 2988 316 3011 oc
323 2985 430 3023 parum
437 2988 471 3010 re
485 2985 541 3014 ert.

122 3068 169 3101 60
707 3124 718 3127 ,
1596 3078 1683 3112 ,ΑΛ
1732 3083 1750 3119 3
1903 3081 1951 3112 De
