2241 3318
368 84 437 108 120
1049 72 1370 111 LIBER

359 144 452 181 icRa,
463 141 708 180 circumeam
719 139 898 174 anconibus
908 138 1053 175 striarum
1067 140 1192 179 dextra,
1201 154 1237 175 ac
1247 140 1360 176 sinissra
1370 139 1507 187 angulos
1516 150 1626 186 tangat
1634 161 1645 176 ,
1654 148 1689 172 ut
1698 139 1831 172 acumen
1842 149 1962 174 normae
1973 139 2093 175 circum

359 193 591 227 rotundatione
609 189 772 236 tangendo
783 189 948 236 peruagati
961 188 1079 235 possit.
1105 189 1339 226 Crassitudines
1350 187 1496 224 striarum
1506 187 1657 223 facienda:
1677 185 1750 222 sunt
1759 208 1770 225 ›
1781 196 1938 234 quantum
1954 190 2093 223 adieetio

357 242 391 275 in
403 241 502 274 media
513 239 661 272 columna
671 249 706 271 ex
716 236 931 283 descriptione
941 237 1133 274 inuenietur.

417 285 665 328 Ere-marifhlent
675 285 826 323 columne,
836 284 995 320 muliebres
1004 289 1080 320 enim
1086 287 1183 334 plicas
1191 285 1310 329 uestium
1318 289 1429 322 imitari
1439 288 1521 322 Vitr.
1532 289 1614 323 dicit.
1624 288 1708 324 caui,
1713 286 1766 329 fleu
1777 285 1898 321 canales
1901 296 1960 333 per
1974 286 2094 333 longum

359 339 451 382 uarijs
459 336 552 368 modis
555 333 645 376 fiunt,
650 333 705 376 sed
712 337 794 369 Vitr.
815 336 872 369 hoc
880 334 948 369 loco
956 336 985 368 in
1003 337 1110 370 Ionicis
1122 338 1208 370 docet
1217 338 1362 382 quomodo
1373 335 1580 380 ftzciendifiant
1589 361 1599 370 .
1617 342 1715 371 cauus
1722 336 2094 382 firixdicitumparsuero,

358 397 421 432 (με
431 385 546 419 eminet,
555 393 617 429 qux
624 383 669 416 eft
676 382 797 429 planum
805 385 950 428 quoddam
957 385 1034 417 inter
1041 385 1114 418 duos
1122 396 1213 418 cauos
1221 407 1231 422 ,
1243 387 1320 420 stria
1334 385 1500 432 appellatur
1507 410 1516 418 .
1537 384 1664 419 Canales
1691 396 1746 428 24.
1771 382 1829 428 effi?
1838 380 1956 421 debent,
1964 384 2096 431 proban·

357 442 409 467 tur
419 442 523 465 normae
531 430 653 475 angulo,
663 442 749 478 quem
758 437 788 466 V
789 433 839 467 itr.
849 443 972 466 acumen
980 441 1071 466 uocat
1083 456 1092 466 .
1100 443 1168 466 nam
1175 432 1204 476 fi
1220 434 1345 479 angulus
1353 444 1458 466 normae
1459 433 1585 476 fundum
1600 434 1727 466 medium
1729 431 1838 478 strigis,
1841 429 1896 475 seu
1904 432 2018 466 canalis
2026 436 2096 468 teti-

353 482 445 527 gerit,
460 485 500 518 (¹7
508 490 635 512 ancones
643 501 653 516 ‚
665 481 716 527 qui
721 479 792 522 fiant
800 478 925 514 brachia
933 491 1038 514 norma
1047 481 1086 514 ad
1091 481 1216 525 angulos
1217 481 1294 523 stria
1303 483 1502 529 peruenerint‚
1518 490 1588 516 tunc
1595 483 1624 514 in
1628 480 1845 523 semicirculum
1853 480 1922 524 fiere
1929 481 2013 515 ducti
2020 493 2096 515 cana

357 529 403 564 les
411 528 492 563 νεὲἶε
500 527 672 573 efficientur,
682 530 929 574 quemadmodum
934 526 1100 574 fitbscripta
1103 527 1203 573 figura
1214 529 1334 571 ostendit
1342 552 1352 567 ‚
1363 532 1392 562 in
1404 541 1464 575 qua
1471 529 1614 564 columna
1622 531 1816 577 quadrantem
1824 531 1854 564 in
1860 531 1954 577 plano
1963 540 2097 564 excaua-

355 586 433 614 tum,
448 576 632 611 offendimus
641 600 651 609 .
679 575 885 621 craffitudenes
893 578 1036 611 firiarum
1040 576 1193 618 sciremus,
1197 578 1226 622 fi
1234 581 1336 628 utique
1343 576 1427 613 nobis
1435 577 1503 623 effet
1512 588 1583 614 nota
1591 579 1790 628 adiec31'0‚quae
1792 578 1832 622 fit
1839 581 1869 614 in
1876 580 1972 615 media
1981 577 2096 613 colum-

357 636 408 662 na.
417 626 472 661 Sed
482 629 523 665 ξφ
531 623 592 660 hac
601 630 643 665 &⁸
659 624 722 660 alta
731 624 825 660 multa
833 627 863 659 in
870 626 1012 661 Vitruuio
1022 623 1222 672 defiderantur
1230 652 1240 664 .

1380 679 1417 711 In
1436 676 1521 711 fimis
1533 702 1543 715 ‚
1557 689 1626 724 quae
1651 676 1742 724 supra
1762 688 1918 712 coronam
1936 678 1969 712 in
1989 677 2097 712 lateri-

1325 725 1386 760 bus
1396 724 1465 759 sunt
1475 726 1604 765 aedium,
1615 727 1719 772 capita
1731 727 1859 760 leonina
1870 725 1940 760 sunt
1952 724 2096 772 sculpen-

1324 774 1375 812 da,
1385 775 1429 808 ita
1439 774 1540 820 polita
1550 774 1598 808 uti
1613 785 1726 808 contra
1735 775 1903 809 columnas
1913 774 2050 822 singulas
2060 787 2096 809 ea

1324 823 1464 871 primum
1484 822 1542 856 {int
1562 822 1722 869 designata
1735 845 1745 861 ‚
1755 835 1868 858 caetera
1886 835 1964 857 uero
1983 825 2097 871 aequali

1326 870 1432 905 modo
1449 869 1598 917 disposita
1613 893 1622 910 ,
1633 871 1680 904 uti
1708 871 1828 918 fingula
1836 871 1965 918 singulis
1983 872 2096 917 mcdijs

1326 920 1446 966 tegulis
1457 918 1667 966 respondeant
1681 944 1690 953 .
1716 920 1797 954 Haec
1806 931 1912 954 autem
1924 932 1994 967 qnae
2002 930 2098 955 erunt

1326 978 1443 1003 contra
1459 970 1625 1002 columnas
1640 967 1852 1014 perterebrata
1868 969 1927 1005 fint
1947 969 1986 1003 ad
2005 981 2100 1003 cana-

1328 1017 1391 1050 lem
1401 1041 1412 1055 ‚
1423 1017 1478 1063 qui
1496 1017 1611 1063 excipit
1633 1027 1650 1049 e
1669 1017 1783 1063 tegulis
1792 1030 1907 1065 aquam
1929 1018 2095 1053 caeicstern.

1328 1064 1483 1100 Mediana
1491 1075 1597 1100 autem
1617 1065 1676 1100 sint
1685 1062 1795 1103 solida,
1807 1065 1851 1099 uti
1862 1077 1930 1111 quae
1949 1068 2035 1101 cadit
2047 1067 2096 1101 uis

1328 1125 1422 1160 aquae
1436 1125 1493 1160 per
1513 1113 1635 1161 tegulas
1653 1114 1685 1147 in
1702 1115 1915 1152 canalem,ne
1933 1115 2098 1159 deijciatur

1328 1174 1386 1209 per
1403 1162 1648 1198 intercolumnia
1656 1186 1670 1204 ,
1689 1173 1795 1210 neque
1816 1161 2010 1198 transeuntes
2026 1177 2097 1212 per-

1328 1209 1441 1245 fundat
1452 1235 1462 1245 .
2091 1239 2094 1242 Δ

1378 1266 1402 1295 Ο
1418 1259 1610 1303 bfi’ruandum
1615 1259 1652 1302 esi
1662 1260 1718 1295 hoc
1726 1259 1798 1296 'loco
1817 1261 1933 1296 leonina
1951 1263 2050 1309 capita
2067 1263 2098 1296 in

1322 1307 1408 1354 fimis
1416 1317 1536 1342 veteres
1541 1309 1666 1355 pofin'ffe
1676 1332 1687 1347 ,
1700 1309 1768 1357 εαᾲς
1772 1310 1983 1358 perterebrata
1990 1313 2030 1345 ad
2046 1324 2098 1345 ca-

1330 1356 1429 1391 nalem
1430 1357 1652 1404 fiaperiorem‚in
1661 1370 1747 1405 quem
1756 1360 1866 1394 decidit
1867 1359 2021 1406 pluuia,ut
2027 1364 2100 1396 Ae-

1325 1407 1462 1453 gyptiam
1470 1405 1640 1451 reltgionem
1648 1408 1849 1442 imitarentur.
1860 1409 2014 1456 ,Aegyptij
2023 1410 2099 1442 enim

1332 1465 1435 1489 recens
1450 1454 1524 1501 NJli
1546 1456 1757 1491 incrementum
1766 1462 1860 1490 Leone
1869 1455 2098 1502 fignt'ficabant;

1331 1506 1421 1548 ‘Mam
1428 1503 1571 1537 inundare
1585 1504 1713 1550 ¹Nilum,
1725 1512 1766 1545 (φ
1783 1505 1951 1548 excrescere
1966 1508 2100 1540 maxime

1310 1552 1323 1577 ἰ
1332 1553 1436 1599 incipit
1444 1574 1454 1590 ,
1464 1562 1532 1586 cum
1546 1556 1671 1587 Leonem
1686 1554 1738 1588 Sol
1752 1555 1915 1599 ingreditur
1923 1578 1933 1591 ‚
1944 1553 2098 1603 duplumcss

1333 1599 1465 1635 recentis·
1484 1611 1567 1647 aquae
1578 1609 1613 1636 ut
1628 1603 1673 1636 ait
1685 1604 1823 1640 Pierius,
1840 1601 1907 1636 Sole
1922 1603 1952 1635 in
1968 1614 2003 1636 eo
2012 1602 2099 1648 figno

1331 1647 1654 1697 commorante,fiepius
1662 1653 1794 1685 exundat
1802 1672 1812 1688 ,
1822 1661 1885 1697 quae
1894 1653 1941 1683 uis
1949 1662 2030 1698 aquae
2042 1662 2100 1697 per

1326 1697 1485 1745 spatiosam
1491 1700 1633 1746 „Aegypti
1645 1698 1802 1746 planitiem
1809 1698 1873 1733 late
1879 1698 1994 1744 drffiasa,
1999 1699 2100 1743 solum

353 1758 391 1784 ea
396 1745 560 1791 fertilitate
563 1743 724 1791 grauidam
733 1744 847 1786 reddit}
857 1758 918 1795 qua
927 1759 985 1783 non
996 1747 1050 1796 ipsi
1059 1755 1176 1782 tantam
1183 1748 1321 1792 indagem
1335 1745 1480 1779 alimenta
1497 1746 1638 1792 colligunt
1644 1746 1710 1789 ‚fied
1723 1758 1864 1794 magnam
1881 1745 1962 1782 orbis
1981 1757 2100 1795 partem

355 1794 438 1841 ffime
446 1794 559 1828 leuant.
569 1801 693 1841 propter
701 1805 766 1827 eam
772 1805 844 1830 uero
854 1808 1003 1844 aquarum
1021 1797 1247 1831 redundantiam
1256 1817 1267 1834 ‚
1277 1804 1366 1843 quam
1375 1794 1478 1827 Leonis
1485 1790 1626 1836 beneficio
1634 1794 1806 1844 confiequise
1814 1805 1889 1844 quot
1903 1798 1988 1830 annis
2006 1805 2100 1843 expe-

354 1846 486 1880 riantur,
497 1840 658 1884 institutum
666 1840 715 1883 est»
727 1847 768 1881 (φ
778 1846 857 1890 apud
860 1854 968 1891 gentes
977 1856 1076 1880 omnes
1085 1856 1145 1879 uno
1160 1846 1220 1879 iam
1229 1842 1361 1886 consensu
1381 1849 1533 1888 receptum
1541 1864 1551 1880 ‚
1561 1851 1596 1877 ut
1611 1842 1731 1878 canales
1738 1866 1749 1882 ‚
1759 1843 1858 1894 tubiq,·
1867 1867 1878 1883 ‚
1888 1850 1930 1884 θ·
1940 1844 2099 1893 syphones,

355 1894 409 1939 qui
416 1901 528 1939 aquam
536 1889 673 1925 erubl‘ant
681 1911 692 1927 ‚
698 1898 756 1936 per
763 1891 915 1927 terebrata
919 1894 1070 1937 foramina
1078 1895 1109 1927 in
1118 1893 1168 1928 illa
1185 1895 1287 1940 capita
1295 1892 1334 1926 ad
1341 1891 1371 1924 id
1387 1888 1462 1923 locis
1478 1893 1653 1936 opportunis
1665 1892 1891 1940 adseulpifhlita
1899 1918 1910 1932 ,
1918 1905 2031 1941 aquam
2041 1896 2099 1928 im·

353 1942 480 1978 mittant
496 1961 507 1977 ‚
519 1950 581 1988 quae
588 1939 655 1972 inde
664 1948 704 1972 ex
720 1936 842 1972 leoninis
859 1939 987 1974 rictibus
1003 1943 1102 1975 euomi
1109 1942 1265 1974 uideatur.
1293 1946 1365 1974 Haec
1371 1937 1481 1976 ille‚ut
1489 1938 1612 1972 authori
1612 1939 1685 1982 fito,
1693 1943 1773 1987 quod
1787 1941 1875 1985 suum
1891 1940 1930 1984 est
1942 1943 2097 1977 reddatur.

356 1995 407 2026 lta
419 1990 448 2022 in
451 1986 537 2032 fimi&
557 1986 674 2021 leonina
694 1987 796 2032 capita
804 1999 824 2021 a
833 1986 983 2023 lateribus
988 1997 1153 2036 ponuntur,
1162 1990 1407 2036 quemadmodum
1414 1993 1551 2020 notatum
1558 1985 1597 2028 eli
1612 1988 1642 2020 in
1650 1987 1746 2023 latere
1754 1989 1858 2036 templi
1863 1989 2035 2036 superioris,
2044 1989 2098 2025 ubi

353 2038 478 2086 podium
489 2035 667 2070 collocatum
677 2032 726 2076 est.
753 2039 895 2070 Caeterum
906 2036 1058 2079 sciendum
1073 2035 1112 2079 est
1119 2039 1200 2080 quod
1211 2048 1268 2071 non
1276 2039 1372 2071 omnia
1387 2035 1489 2081 capita
1497 2037 1624 2069 Leonina
1636 2036 1845 2082 perterebrata
1850 2038 1890 2071 ad
1896 2037 2031 2072 canalem
2048 2051 2096 2074 re-

353 2082 600 2135 spondebant‚sitd
607 2094 642 2117 ea
652 2091 780 2120 tantum,
789 2083 945 2132 quaefiepra
959 2085 1117 2120 columnas
1120 2085 1260 2131 fingulae
1267 2085 1423 2131 adsculpta
1439 2091 1525 2118 erant
1532 2105 1543 2120 ,
1552 2095 1623 2117 nam
1639 2086 1774 2119 mediana
1783 2094 1849 2120 erat
1861 2085 1959 2128 fi2lida
1969 2112 1978 2121 .
2004 2090 2097 2132 Ratio

355 2134 446 2168 huius
456 2131 493 2175 est
503 2134 531 2165 in
545 2140 699 2178 promptu,
709 2134 850 2179 quoniam
858 2132 916 2176 ficb
924 2133 1070 2169 medianis
1079 2143 1165 2168 erant
1172 2133 1402 2169 intercolumnia
1411 2154 1421 2170 ‚
1437 2136 1477 2170 (φ
1486 2131 1565 2170 loca,
1575 2144 1635 2180 qua
1644 2132 1776 2167 homines
1781 2134 2098 2184 pertrarfibant‚quod

353 2181 381 2230 fi
390 2194 410 2216 a
422 2180 544 2215 leoninis
553 2177 704 2226 capitibus
721 2178 861 2215 imbrium
869 2193 952 2229 aquae
961 2184 1197 2220 demitterentur,
1205 2182 1387 2226 transeuntes
1391 2180 1651 2230 perfiaenderentur:
1666 2193 1760 2231 quare
1765 2182 1887 2227 fao‘t'um
1903 2183 1999 2222 estut
2008 2197 2043 2220 ea
2044 2185 2096 2230 so-

358 2229 421 2266 lida
430 2227 646 2274 efferim-eliqua
655 2237 762 2263 contra
770 2228 925 2264 columnas
928 2230 1153 2280 perterebrata.

406 2277 550 2313 Aedium
561 2276 746 2310 Ionicarum
758 2277 856 2324 quam
875 2278 1035 2325 aptissime
1046 2277 1378 2327 potui,disp0fitiones
1387 2278 1451 2313 hoc
1465 2278 1632 2313 uolumine
1641 2276 1803 2327 descripsi.
1831 2281 2030 2318 Doricarum
2038 2294 2096 2318 au·

356 2337 436 2366 tem,
451 2330 483 2360 &
496 2322 754 2364 Corinthiarum,
768 2337 837 2371 quae
848 2326 910 2362 fint
926 2328 1189 2375 proportione,in
1199 2326 1343 2377 sequenti
1350 2328 1434 2362 libro
1445 2326 1622 2375 explicabo.

406 2379 595 2410 Excreuerat
604 2370 680 2406 liber
687 2374 717 2406 in
724 2384 864 2420 magnam
872 2378 1106 2423 amplitudinem,
1115 2388 1209 2425 quare
1216 2397 1226 2414 ,
1238 2386 1273 2413 ut
1280 2379 1394 2412 taedium
1403 2376 1518 2412 leuaret
1527 2399 1537 2415 ,
1544 2374 1671 2420 absoluit
1678 2390 1745 2414 eum
1754 2401 1765 2418 ,
1775 2385 1816 2420 &⁸
1824 2382 1895 2428 quid
1909 2379 2094 2426 transegerit,

358 2430 402 2465 (φ
414 2424 485 2471 quid
488 2421 587 2470 postea
596 2420 814 2467 tranfigendum
822 2425 927 2462 restet,
936 2426 1074 2460 ostendit.
1082 2429 1157 2471 Nos
1164 2427 1204 2460 ad
1212 2425 1326 2475 reliqua
1335 2449 1346 2463 .
1355 2425 1597 2476 ‘Positaprimum
1615 2427 1807 2477 descriptione
1823 2428 1920 2466 trabis
1929 2451 1942 2469 ‚
1952 2427 2093 2476 zophori»

362 2483 486 2515 corone,
495 2468 655 2520 &ftfligiq‘
666 2471 924 2521 Ionicigenert'e‚in
939 2485 1000 2523 qua
1009 2473 1169 2525 epistylium
1177 2473 1227 2521 qli.

1917 2777 1968 2810 A.
1993 2770 2092 2810 Trabs

2127 570 2171 596 10

2127 1062 2172 1087 20

2131 1551 2176 1587 30

2124 2043 2174 2080 4⁹
