2241 3318
289 100 357 139 350
951 93 1277 134 LlBE'R

276 178 326 204 ter
337 166 473 214 regulas,
488 164 615 201 alternis
628 163 815 198 obturando
834 161 993 196 foramina
1003 186 1013 202 ,
1023 162 1153 196 alternis
1169 162 1348 208 aperiundo
1358 175 1399 197 ex
1420 162 1545 196 musicis
1568 160 1692 196 artibus
1710 162 1942 209 multiplicibus
1962 172 2036 195 mot-

278 217 432 250 dulornm
446 214 651 248 uarietatibus
666 211 813 246 sonantes
823 213 961 245 excitant
973 224 1070 245 uoces
1083 237 1091 245 .
1104 211 1276 258 Qanturn
1287 213 1380 257 potui
1402 212 1478 249 niti,
1496 223 1529 245 ut
1550 209 1685 244 obscura
1704 222 1751 244 res
1768 223 1824 258 per
1847 213 2035 258 lcripturam

277 264 419 298 dilucide
431 264 679 311 pronunciare-tu
687 273 711 300 r,
722 261 891 296 contendi.
920 260 981 294 Sed
992 261 1057 295 haec
1069 273 1134 293 non
1146 258 1189 293 cst
1201 259 1299 293 locilis
1313 262 1394 294 ratio
1405 284 1415 299 ,
1429 272 1533 306 neque
1552 260 1706 294 omnibus
1725 261 1872 306 expedita
1889 260 1927 293 ad
1939 261 2034 294 intcl-

279 313 445 360 ligendum
459 324 570 358 praetcr
580 324 647 348 cos,
661 311 718 356 qui
731 311 763 343 in
775 311 822 344 his
834 309 1005 356 generibus
1023 310 1140 343 bahent
1151 309 1415 346 exercitationem
1427 334 1436 343 .
1464 309 1568 356 Qod
1586 309 1605 343 si
1616 310 1670 355 qui
1690 321 1801 355 parum
1821 310 2034 343 intellexerint

279 362 296 395 ὲ
308 361 442 407 lcriptis,
455 373 527 394 cum
540 357 636 405 ipsam
649 372 714 393 rem
727 359 940 406 cognoscent,
952 356 1106 404 profe-&o
1119 358 1283 392 inuenienr
1294 356 1461 397 curiose‚&
1473 358 1627 391 lumiliter
1637 358 1745 390 omnia
1766 358 1925 392 ordinata.
2004 363 2006 366 ’

328 411 476 445 Machina
488 407 794 452 hydraulicaeftibrica
806 407 932 454 difficilis
942 406 990 449 esi,
1003 414 1043 446 <sy
1054 406 1363 454 obscura‚quanquanz
1374 411 1454 442 Vitr.
1462 405 1740 449 eainfitbtiliteia&
1750 408 1861 450 curiose
1869 408 1948 441 dicat
1954 407 1986 450 [ὲ
1998 411 2033 442 ei

279 459 469 505 descripsifflss,
480 465 520 498 (Γ
528 460 611 492 initio
619 459 703 505 pollii
709 466 798 491 eatur
809 457 841 500 je
851 456 982 491 breuiter
1005 458 1078 490 uelle
1090 468 1124 490 ea
1135 455 1285 501 scriptura
1295 456 1448 503 consequi,
1458 468 1519 502 qua
1528 458 1568 490 ad
1578 467 1643 489 eam
1648 457 1817 502 pertinent.
1849 462 1931 491 ‘Puto
1941 468 1994 502 ego
2003 457 2033 490 id

279 509 359 544 ναῖε
369 509 528 552 affecutum
539 513 569 541 V
569 509 723 542 iti-unium,
734 506 802 539 licet
813 506 890 539 hanc
895 506 1028 549 formam
1035 515 1091 552 pro
1101 504 1218 538 modulo
1230 502 1270 538 ab
1281 516 1315 537 eo
1325 505 1498 552 descriptam
1508 505 1638 539 nonnulli
1649 504 1807 550 affirment,
1818 506 1948 539 dicentes
1957 509 2030 551 ‘Ne-

278 568 380 596 ronem
389 556 481 604 usique
491 558 564 590 adeo
576 553 762 602 hydraulicis
773 554 961 592 delectatum,
971 565 1004 588 ut
1013 557 1090 588 inter
1095 554 1230 600 pericula
1239 553 1317 590 uita,
1328 559 1368 592 ὡ*
1376 556 1500 600 imperis,
1510 556 1586 588 inter
1594 553 1734 591 militum,
1748 559 1789 592 (φ
1798 555 1907 589 ducum
1909 553 2032 596 fi’ditio-

279 618 341 644 nes,
353 607 382 638 in
392 608 556 639 imminenti
564 607 670 638 damno
682 607 779 638 totius
789 626 799 641 ‚
811 615 913 637 curam
924 615 1026 638 earum
1036 610 1076 642 ριν
1088 602 1215 644 studium
1223 612 1280 634 non
1289 601 1454 650 relinquisle
1463 625 1472 640 ‚
1483 609 1523 642 (φ
1530 604 1600 649 post
1609 601 1778 647 inuulgatos
1787 604 1984 637 Vitruuianos
1993 600 2031 636 li-

280 654 361 692 bros,
371 666 428 688 non
439 656 465 688 ei
473 657 550 688 adeo
560 655 643 688 cordi
650 652 748 697 fuisse,
759 655 899 699 quoniam
908 652 1027 697 uulgari
1036 655 1152 686 ratione
1157 649 1331 693 fabricatas
1339 653 1485 685 intellexit
1494 676 1502 684 .
1530 651 1609 685 Mihi
1616 661 1716 684 autem
1726 653 2032 697 uidetur,quanquam

279 710 310 743 V
311 705 438 738 iti-unius
447 715 503 737 non
514 704 609 736 omnia
616 704 738 748 penitus
747 701 894 747 descripfit
907 724 916 739 ‚
927 703 1005 749 quod
1021 708 1062 740 (φ
1072 699 1148 734 alitis
1154 698 1260 742 fheere
1282 700 1427 741 consuerit
1438 723 1447 737 ‚
1459 709 1602 747 tanquam
1610 709 1681 733 nota
1690 699 1785 733 multa
1793 700 2032 746 praetermittens,

279 761 396 787 tantum
408 751 601 785 nihilominus·
613 749 692 785 lucis
700 751 800 797 affert,
816 759 850 783 ut
859 750 932 784 nihil
941 762 981 784 ex
989 749 1156 794 necessarus
1166 748 1297 792 omissiſje
1306 760 1372 782 eum
1381 750 1513 783 iudicare
1519 750 1666 795 possimus·
1674 771 1684 786 ,
1694 750 1781 782 modo
1791 746 1959 788 industriam
1970 771 1980 785 ,
1991 753 2034 787 &-

279 801 463 846 diligentiam
473 798 615 835 adhibere
624 800 749 833 uelimus
759 824 768 833 .
795 802 886 845 Nam
896 798 968 842 &fi
977 810 1030 832 nos
1048 809 1165 846 quoque
1182 809 1296 843 organa
1306 796 1421 844 quibus
1437 800 1550 831 utimur
1557 796 1716 840 describere
1729 806 1956 846 proponamus,
1975 807 2034 830 non

278 852 443 900 poterimus
453 858 516 884 tam
526 857 667 883 accurate
676 859 739 882 rem
748 848 894 885 tractare,
905 857 939 882 ut
948 847 1138 893 difficultates
1148 857 1249 880 omnes
1257 857 1454 882 amoueamws
1464 869 1473 884 ‚
1486 846 1533 880 his
1538 845 1696 894 praefi’rtim
1705 869 1715 885 ‚
1728 848 1780 904 qui
1788 857 1845 879 non
1856 843 1968 879 habeut
1978 844 2036 879 ho-

279 910 345 935 rum
359 900 622 933 instrumentorum
631 899 875 931 exercitationem
887 922 895 931 .
923 903 1021 931 Tanto
1034 898 1128 943 magis
1137 897 1306 941 antiquitas
1314 917 1324 933 ‚
1336 901 1377 934 (ιφ
1387 893 1614 932 uocabulorum,
1623 907 1756 943 rerumq;
1766 896 1890 931 nouitas
1899 905 1953 928 nos
1961 903 2036 928 tor—

280 947 396 996 quebit,
402 947 430 992 fi
441 953 469 984 V
472 949 654 981 itruuianam
664 946 832 980 machinam
843 946 1020 993 descriptam
1030 947 1190 992 intelligere
1198 966 1208 982 ‚
1219 943 1420 988 &fabricare
1428 942 1647 978 tentauerimws
1658 970 1668 978 .
1695 951 1835 980 exterum
1842 941 1882 978 ab
1891 944 2036 977 intentio-

279 1008 326 1034 ne,
337 1008 399 1044 quie
410 1008 478 1030 cum
487 994 587 1038 nostris
599 997 718 1041 organis
726 996 771 1029 esi
782 998 954 1033 communis,
964 995 1060 1030 multa
1066 996 1267 1042 percipiemus
1277 1018 1286 1027 .
1312 995 1391 1028 Finis
1411 996 1486 1027 enim
1496 995 1541 1028 esi
1558 1001 1592 1026 ut
1595 992 1705 1035 fistula
1707 994 1813 1037 fimum
1830 994 1918 1026 edant
1926 1013 1936 1029 ‚
1946 986 2037 1040 quem

278 1048 397 1080 minime
405 1044 530 1083 dabunt,
544 1043 597 1088 nisi
607 1056 647 1078 ex
654 1046 733 1078 aeris
739 1045 856 1091 spiritu,
868 1050 908 1084 &-
916 1043 1040 1091 impulsu
1052 1059 1062 1077 .-
1072 1044 1181 1090 impelli
1189 1054 1259 1076 uero
1268 1054 1332 1079 aer,
1346 1043 1515 1089 &spiritua
1525 1054 1582 1076 non
1588 1045 1700 1088 poterit
1707 1065 1719 1081 ‚
1731 1041 1783 1086 nifi
1791 1043 1820 1075 in
1829 1052 1919 1074 unum
1936 1039 2036 1075 locum

279 1104 418 1140 cogatur,
431 1096 498 1140 cogi
513 1106 584 1128 uero
595 1105 652 1127 non
658 1096 771 1141 poterit
779 1093 832 1138 nisi
840 1094 958 1139 organis
966 1095 1005 1127 ad
1012 1095 1042 1126 id
1046 1093 1177 1140 paratis.
1203 1093 1348 1126 ‘Paranda
1356 1094 1447 1135 igitur
1456 1103 1567 1137 organa
1570 1091 1641 1134 sunt
1649 1092 1689 1126 ad
1696 1093 1726 1125 id
1732 1100 1806 1138 apta
1815 1113 1826 1128 ‚
1840 1095 1877 1129 ζα·
1892 1091 2010 1124 idonea.

280 1151 379 1180 Docet
389 1153 490 1178 autem
504 1149 534 1178 V
536 1144 668 1177 iiruuim
679 1146 824 1190 quomodo
835 1154 870 1176 ea
878 1141 1071 1185 fabricemus
1079 1141 1136 1175 hoc
1145 1143 1244 1176 modo.
1271 1139 1354 1184 Basis
1362 1140 1458 1186 lignea
1466 1149 1664 1188 preparatur,
1675 1140 1753 1184 utsii
1762 1149 1907 1187 tanquam
1916 1137 2035 1172 locula-

279 1195 446 1238 mentum(
447 1204 500 1226 nos
509 1191 606 1226 telarn
617 1191 761 1234 dicimus)
773 1193 866 1226 totius
875 1193 981 1237 organi
987 1192 1062 1225 unde
1070 1189 1249 1237 hydraulica
1256 1201 1361 1222 nomen
1369 1190 1549 1236 desumptum
1561 1190 1616 1227 eft,
1627 1192 1656 1222 in
1665 1201 1699 1223 ea
1711 1191 1786 1224 enim
1795 1187 1859 1233 basi
1865 1199 1938 1222 arca
1946 1197 2034 1229 aerea,

279 1253 342 1290 quae
350 1253 405 1275 ara
415 1240 454 1275 ab
465 1247 585 1276 Herone
602 1242 712 1275 dicitur
719 1262 729 1277 ‚
739 1240 905 1275 collocatur
913 1241 953 1274 ad
960 1239 1040 1282 usum
1050 1250 1131 1286 aquae
1142 1260 1152 1275 ‚
1158 1238 1210 1282 sed
1217 1251 1236 1273 a
1245 1237 1392 1285 capitibus
1403 1237 1482 1282 bafis
1491 1240 1600 1272 dextra
1611 1251 1648 1272 ac
1650 1237 1768 1282 sinistra
1778 1239 1930 1284 eriguntur
1946 1247 2036 1281 regu-

280 1294 326 1328 lae,
336 1301 400 1337 quae
409 1289 477 1337 aliq's
485 1288 658 1333 transuersis
668 1288 778 1335 regulis
795 1291 981 1324 continentur
983 1288 1138 1332 scalarum
1148 1288 1238 1322 modo
1246 1309 1255 1324 ‚
1268 1296 1301 1320 ut
1310 1290 1479 1322 contineant
1495 1299 1608 1333 organa
1618 1309 1628 1324 ‚
1638 1286 1747 1333 quibus
1754 1299 1835 1334 aqua
1845 1287 2015 1320 concutitur
2022 1306 2034 1321 ,

280 1339 362 1386 (alio
378 1340 459 1373 enim
467 1340 554 1373 modo
581 1337 751 1372 machinam
769 1337 857 1381 suam
876 1344 959 1372 Hero
970 1337 1069 1382 facit)
1087 1338 1116 1371 in
1126 1348 1179 1371 eas
1199 1335 1319 1382 regulas
1334 1337 1455 1381 inferius
1473 1337 1666 1370 includuntur
1682 1336 1802 1371 modioli
1818 1334 1883 1369 aerei
1915 1346 1970 1368 uos
1978 1329 2035 1386 p}

280 1389 367 1424 xides
375 1394 458 1422 Hero
466 1396 558 1422 uocat
568 1409 578 1425 ‚
590 1400 624 1421 eo
635 1388 721 1420 modo
734 1409 745 1427 ‚
756 1398 814 1434 quo
824 1389 853 1420 in
864 1386 1009 1431 Ctesibica
1024 1383 1163 1422 machina
1181 1386 1291 1419 dicium
1301 1384 1356 1426 eli,
1366 1384 1397 1419 hi
1405 1385 1529 1420 modioli
1543 1384 1656 1419 habent
1672 1384 1803 1420 circulos
1812 1407 1821 1423 ,
1836 1387 1877 1424 &-
1901 1382 2035 1418 u'n‘dulas

279 1436 406 1472 mobiles
415 1448 455 1471 ex
463 1445 705 1483 torno,tanquam
715 1434 847 1470 embolos
860 1438 888 1469 in
898 1435 1043 1479 modiolos
1050 1437 1251 1480 intranten&
1259 1433 1331 1468 lana
1346 1443 1487 1480 teguntur
1496 1457 1506 1472 ,
1516 1443 1550 1477 ut
1560 1434 1664 1481 leniter
1672 1437 1784 1477 intrent
1795 1458 1803 1472 ,
1816 1431 1936 1468 modioli
1946 1431 2037 1466 erelii

275 1486 346 1532 fiant
357 1487 424 1520 etin
435 1497 508 1519 arca
514 1494 675 1532 ponuntur,
686 1483 738 1519 ubi
754 1483 880 1531 eftaqua
891 1510 900 1520 .
927 1482 1252 1532 Habentqmianubria
1261 1506 1271 1524 ‚
1283 1489 1323 1522 (9-
1332 1485 1361 1517 in
1370 1495 1419 1518 eos
1436 1493 1544 1523 catenae
1561 1484 1758 1519 demittuntur
1773 1492 1916 1525 exeuntes
1934 1479 1974 1515 ab
1987 1491 2037 1513 ore

280 1534 498 1582 delphinorum,
506 1533 575 1577 sunt
584 1542 685 1567 autem
692 1533 834 1580 Delphini
845 1547 864 1568 a
868 1535 983 1578 forma,
994 1543 1087 1581 atque
1097 1528 1255 1566 amotione
1263 1535 1306 1566 ita
1316 1535 1418 1566 uocati
1428 1558 1436 1566 .
1450 1544 1519 1567 nam
1529 1533 1774 1580 quemadmodum
1784 1544 1836 1566 nos
1845 1530 2034 1565 uerticillurii,
2071 1546 2079 1558 κ
2089 1545 2101 1568 5

281 1590 324 1624 (9⁵
333 1582 513 1631 epistomium
522 1595 541 1617 a
545 1583 648 1627 forma
658 1583 773 1618 Gallum
781 1595 935 1620 uon-amus,
945 1585 987 1626 ita
997 1585 1087 1617 etiam
1104 1583 1176 1616 illud
1187 1583 1417 1615 ins'irumentum
1425 1580 1464 1616 ab
1483 1584 1614 1628 antiquis
1629 1580 1783 1627 delphinus
1791 1578 1947 1614 dicebatur
1957 1593 1967 1612 .-
1977 1579 2035 1614 est,
2058 1553 2082 1601 ξ

279 1635 358 1671 enim
366 1634 517 1667 nauticum
526 1633 764 1669 instrumentum,
776 1641 810 1666 ut
819 1634 864 1666 ait
873 1633 1058 1670 ‘Polluxmon
1065 1629 1197 1674 abfimile
1204 1628 1244 1664 ab
1253 1632 1288 1677 ijs
1296 1628 1498 1678 tubis,quibus
1507 1630 1726 1664 exhauriuntur
1744 1631 1849 1665 carina
1858 1653 1867 1662 .
1894 1625 2038 1673 Delphini

279 1694 352 1727 ergo
365 1691 451 1716 erant
461 1688 592 1728 organa,
602 1693 641 1716 ex
650 1692 776 1729 quorum
796 1688 846 1715 or'e
860 1679 1031 1729 pendebant
1042 1686 1172 1716 catena,
1182 1691 1246 1726 quae
1263 1680 1362 1713 nectes
1378 1679 1589 1714 continebant.
1617 1686 1651 1714 In
1662 1685 1735 1714 arca
1754 1685 1818 1713 erat
1827 1687 1974 1721 tanquam
1983 1676 2039 1708 in-

273 1729 467 1777 fiindibulum
473 1730 619 1774 inuersum
627 1743 645 1765 a
649 1731 744 1774 fundo
755 1739 817 1765 tres
827 1731 936 1776 digitos
944 1731 1057 1766 difians
1064 1729 1178 1764 taxillis
1187 1727 1362 1775 quibufilam
1368 1737 1424 1775 pro
1428 1727 1541 1772 fulcris
1546 1727 1708 1770 sublatum,
1713 1738 1745 1765 ut
1755 1740 1835 1776 aqua
1845 1727 1960 1771 inferne
1961 1721 2037 1770 fi‘b·

279 1782 395 1816 intrare
402 1779 496 1827 poffiet
503 1805 513 1813 .
523 1778 741 1825 infundibulum
753 1779 847 1823 fundo
856 1777 981 1814 carebat
996 1791 1094 1827 :aqua
1105 1787 1173 1812 erat
1181 1777 1214 1811 eo
1224 1776 1301 1815 loci,
1312 1786 1346 1811 ut
1356 1789 1455 1811 aerem
1461 1786 1612 1824 premeret
1621 1800 1630 1815 ‚
1643 1779 1697 1826 qui
1702 1788 1758 1825 per
1765 1775 1889 1812 tubulos
1899 1777 1930 1808 in
1938 1773 2039 1818 infun-

279 1827 416 1864 dibulum
424 1827 614 1867 mittebatur,
624 1829 870 1877 quemadmodum
878 1830 907 1862 in
914 1827 1027 1870 fifiulis
1036 1827 1195 1876 pastoritijs
1200 1829 1348 1873 premitur
1356 1827 1601 1870 crotaceusfiillis
1609 1849 1620 1864 ,
1629 1829 1660 1860 in
1668 1839 1726 1873 quo
1736 1825 1773 1869 esi
1784 1838 1837 1860 aer
1845 1823 1982 1867 inclusus.
1993 1823 2038 1856 ita

280 1890 362 1926 aqua
371 1876 411 1912 ab
421 1889 491 1911 aere
500 1877 597 1924 pressa
610 1890 678 1912 cum
687 1890 740 1912 aer
751 1877 846 1912 libere*
855 1876 960 1913 exibat
969 1900 978 1915 ,
990 1876 1159 1925 expellebat
1177 1875 1268 1922 ipftim
1274 1885 1330 1922 per
1337 1874 1463 1917 fistulam
1471 1877 1582 1923 impetu
1591 1875 1690 1910 ualido
1702 1877 1741 1913 ad
1751 1886 1866 1914 arcam,
1879 1881 1971 1923 atque
1979 1870 2039 1906 hoc

280 1929 327 1968 est
342 1929 421 1975 quod
431 1933 461 1962 V
462 1928 588 1961 itruuius
596 1928 684 1965 dixit,
697 1926 801 1973 {fiipra
810 1936 912 1961 autem
920 1926 1102 1961 ceruiculam
1111 1927 1172 1959 eius
1178 1934 1387 1970 coagmentata
1397 1923 1504 1959 arcula
1507 1924 1628 1968 sustinet
1636 1934 1729 1973 caput
1738 1924 2037 1970 machinoquaegmi·

281 1989 316 2012 ce
325 1987 422 2011 canon
430 1975 555 2020 muficus
564 1977 701 2018 dicitur.}
711 1975 816 2010 arcula
827 1977 918 2021 igitur
925 1977 965 2010 ad
975 1987 1040 2009 eum
1049 1975 1131 2018 usum
1143 1983 1210 2008 erat
1218 1996 1228 2011 ‚
1238 1982 1272 2007 ut
1282 1985 1382 2010 aerem
1387 1973 1632 2020 perssceruiculam
1649 1972 1828 2017 infundibuli
1837 1971 2040 2015 ascendentem

277 2025 469 2070 seruaress&
477 2037 545 2060 eum
553 2027 593 2059 ad
596 2025 667 2069 ficos
676 2023 798 2060 canales
807 2026 965 2058 emitteret.
996 2029 1072 2058 Erat
1081 2026 1158 2058 enim
1171 2021 1274 2068 regula
1291 2021 1448 2057 canalibus
1462 2021 1594 2064 dislinfla
1601 2032 1655 2069 per
1672 2022 1920 2068 longum‚canona
1931 2019 2036 2054 Graeci,

282 2076 380 2109 noflri
388 2073 542 2120 registrum
550 2083 672 2109 uocant.
698 2080 735 2109 ln
749 2071 906 2109 canalibus
914 2072 1081 2116 transuersa
1093 2074 1246 2117 foramina
1256 2080 1344 2111 erant
1357 2073 1397 2106 ad
1407 2082 1559 2106 numerum
1561 2070 1713 2114 sonituum
1723 2094 1733 2110 ‚
1738 2071 1832 2118 supra
1839 2080 1910 2103 uero
1918 2075 2040 2113 compo-
2067 2061 2116 2097 49

276 2122 418 2169 fitionem
426 2123 513 2157 huius
520 2122 628 2170 regul-e
646 2135 714 2157 cum
733 2123 797 2167 fiiis
808 2120 964 2158 canalibus
976 2145 986 2160 ‚
997 2127 1038 2162 ό·
1051 2120 1252 2166 foraminibus
1269 2129 1336 2161 erat
1352 2119 1461 2156 tabula
1479 2120 1626 2155 collocata
1636 2143 1646 2158 ,
1656 2132 1718 2167 qux
1735 2121 1832 2154 omnia
1849 2113 2040 2161 contegebat.

283 2178 326 2212 &⁸
336 2174 464 2219 undique
476 2184 590 2207 canona
599 2170 783 2207 continebat.
811 2170 930 2207 Tabula
941 2170 1000 2206 bac
1008 2184 1027 2204 a
1040 2173 1147 2206 Graecis
1155 2169 1242 2205 πίναξ
1250 2192 1260 2208 ,
1269 2182 1288 2203 a
1297 2167 1592 2213 noslrisfiimmerium
1611 2171 1737 2207 dicitur,
1748 2168 1827 2216 quod
1843 2175 1890 2204 tot
1899 2163 1994 2199 habet
2010 2165 2041 2203 itt

277 2220 395 2266 summo
399 2222 565 2264 foramina,
576 2230 649 2268 quot
652 2220 723 2264 sunt
731 2221 883 2265 foramina
901 2222 931 2254 in
940 2221 1038 2255 canali
1041 2218 1130 2262 fiifft‘a
1142 2242 1151 2256 ,
1166 2231 1229 2266 qua
1232 2217 1325 2262 simul
1334 2218 1502 2265 respondere
1509 2241 1520 2256 ‚
1531 2224 1570 2258 (φ
1581 2219 1740 2252 conuenire
1747 2217 1868 2264 possint.
1878 2215 1939 2249 hoec
1944 2213 2042 2258 fora*

284 2272 365 2304 mina
374 2271 414 2304 ad
418 2269 579 2312 sonituum,
593 2269 650 2304 hoc
661 2269 882 2312 estfisiularum
891 2280 1044 2304 numerum
1048 2268 1190 2312 facienda
1194 2267 1277 2310 sunt.
1304 2266 1422 2303 Fistula
1437 2270 1514 2302 enim
1525 2269 1555 2302 in
1564 2266 1698 2303 modiolis
1716 2268 1797 2300 areis
1813 2264 1916 2312 ligneis
1925 2263 2042 2310 capiti-‚-

2064 564 2111 604 ώ

2066 1057 2112 1097 τὸ

286 2317 344 2354 bus
353 2321 383 2353 in
397 2317 504 2353 tabula
513 2320 668 2364 eriguntur
679 2318 815 2367 appofita
825 2320 864 2353 ad
866 2319 1019 2363 foramina
1029 2343 1038 2352 .
1065 2318 1220 2367 Expeditis
1229 2315 1395 2354 canalibus,
1407 2315 1548 2363 tabulaq;
1555 2316 1711 2363 perforata
1721 2337 1731 2352 ,
1741 2315 1957 2365 interponimus
1965 2313 2042 2346 inter

287 2367 426 2403 tabulam
437 2390 447 2405 ‚
459 2373 500 2406 (9-
510 2367 630 2402 canales
639 2367 759 2413 regulas
770 2368 911 2415 quasdam
928 2367 1103 2414 perforatas
1119 2368 1221 2400 eodem
1237 2368 1322 2400 modo
1332 2364 1474 2400 babentia
1478 2366 1632 2410 foramina
1640 2387 1650 2402 ,
1660 2375 1722 2411 quae
1738 2363 1908 2410 respondere
1913 2361 2042 2408 possint',

285 2429 355 2452 cum
364 2417 555 2464 impelluntur
564 2415 742 2460 ,foraminib
748 2428 782 2450 us
794 2438 804 2454 ‚
815 2416 952 2464 quaesunt
959 2418 989 2450 in
1004 2416 1121 2459 summa
1135 2413 1241 2450 tabula
1251 2436 1261 2452 ‚
1272 2420 1314 2453 εἰ)
1323 2414 1370 2448 his
1377 2435 1387 2452 ‚
1396 2413 1532 2460 quaesunt
1540 2415 1568 2448 in
1578 2412 1735 2450 canalibus
1745 2413 1810 2455 :sed
1825 2413 1869 2446 ita
1877 2407 2043 2457 composita

279 2466 363 2510 fimi,
372 2475 406 2500 ut
415 2463 639 2499 manubriorum
648 2487 658 2504 ‚
663 2465 716 2508 seu
727 2465 938 2510 choragiorum
955 2477 1057 2499 eorum
1066 2487 1076 2502 ,
1087 2476 1149 2512 quae
1164 2465 1332 2511 prominent
1349 2462 1516 2498 calcatione
1532 2462 1644 2506 uersari
1659 2462 1787 2507 possint,
1799 2467 1841 2501 &⁴
1859 2470 1963 2495 earum
1971 2468 2042 2495 uer,-

279 2515 391 2559 fiztioni
402 2515 566 2559 foramina,
578 2525 640 2561 quie
656 2514 733 2558 sunt
749 2517 779 2548 in
798 2514 854 2548 illis
877 2512 985 2559 regulis
996 2539 1006 2551 ‚
1016 2512 1212 2560 respondeant:
1224 2510 1442 2556 foraminibus,
1454 2509 1590 2556 quaesunt
1601 2513 1631 2544 in
1646 2509 1803 2546 canalibus
1813 2532 1823 2547 ‚
1835 2515 1876 2549 (φ
1886 2507 1933 2542 bis
1939 2517 2001 2555 quae
2011 2507 2042 2541 in

281 2563 399 2607 fiimma
418 2561 526 2597 tabula
535 2564 718 2598 collocantur
727 2586 737 2602 ,
746 2572 780 2598 ut
782 2563 904 2610 spiritus
914 2564 953 2596 ad
963 2561 1082 2604 fistulas
1089 2572 1242 2609 permeare
1254 2563 1344 2608 possit
1358 2585 1368 2595 .
1394 2560 1555 2606 choragia,
1559 2559 1610 2604 fi’u
1618 2557 1775 2594 manubria
1790 2557 1887 2593 tribus
1902 2553 2043 2590 membris
2074 2555 2118 2593 59

286 2611 431 2654 constant,
441 2611 575 2646 uec‘libus
584 2614 661 2646 enim
669 2621 828 2660 portarum
832 2610 944 2655 fimilia
948 2611 1066 2654 sunt‚ut
1076 2622 1115 2645 ex
1126 2612 1341 2655 diagrammate
1347 2611 1449 2654 potest
1456 2609 1523 2644 elici
1532 2634 1542 2644 .
1553 2607 1745 2643 habentaut?
1753 2618 1886 2642 annexos
1895 2604 2042 2641 cumulos,

286 2663 418 2696 omnium
427 2660 696 2703 instrumentorum,
707 2659 776 2702 ides}
784 2662 913 2695 omnium
922 2661 1093 2707 pinnarum,
1105 2672 1184 2707 quas
1195 2672 1249 2693 nos
1258 2660 1355 2694 castos
1363 2671 1382 2693 a
1391 2659 1550 2704 tangendo,
1558 2659 1629 2704 quia
1637 2655 1816 2700 musicorum
1824 2653 1965 2690 manibus
1970 2662 2043 2691 tani·

283 2720 409 2756 guntur,
419 2711 610 2757 appellamus.
638 2709 769 2755 Lingula
776 2718 877 2744 autem
887 2720 999 2743 corneae
1007 2718 1096 2743 erant
1104 2730 1114 2745 ‚
1123 2718 1179 2742 aut
1189 2720 1228 2742 ex
1239 2708 1356 2742 laminis
1359 2708 1470 2751 ferreis
1475 2705 1637 2750 fiibtilibus
1645 2706 1749 2740 ordine
1756 2705 1904 2740 collocata
1914 2702 1979 2746 ,Ji-’d
1988 2699 2043 2741 ob,-

288 2758 463 2807 liquaefolu‘s
469 2761 622 2806 porraceis
633 2758 869 2806 modo‚5pat}³aa
880 2759 987 2795 Greci,
998 2764 1028 2793 V
1029 2759 1158 2791 itruuius
1166 2756 1361 2802 lingulas‚nos
1363 2756 1506 2803 spatam
1514 2757 1699 2791 nominamus
1707 2779 1716 2787 .
1726 2765 1830 2788 earum
1838 2750 1986 2800 capitibus
1988 2750 2043 2794 fui·

286 2807 379 2841 niculi
387 2830 398 2845 ,
407 2817 462 2842 aut
478 2808 588 2842 catella
597 2816 682 2841 erant
699 2808 825 2854 alligata¹
835 2830 845 2845 ,
855 2817 918 2853 quae
928 2815 1033 2841 contra
1044 2817 1147 2841 earum
1149 2806 1299 2851 flexiones
1308 2817 1363 2840 eas
1368 2808 1528 2852 pinnarum
1532 2804 1679 2850 pressione
1688 2801 1891 2837 adducebant.
1905 2801 1962 2836 Sed
1970 2798 2044 2836 cho·-

287 2858 396 2902 rugus,
401 2856 530 2905 pinnisq;
539 2858 657 2891 minime
670 2856 761 2892 tat‘lis
769 2879 779 2894 ,
790 2858 831 2890 ad
833 2855 921 2899 ficum
932 2854 1031 2890 locum
1039 2854 1154 2901 lingulae
1171 2853 1398 2889 reuertebantur
1407 2876 1417 2891 ‚
1430 2851 1621 2896 &funiculis
1627 2849 1792 2886 uoluebant
1800 2850 1924 2897 regulas
1934 2871 1945 2887 2
1955 2850 2000 2883 ita
2008 2856 2045 2882 ut

287 2916 391 2939 earum
395 2906 547 2949 foramina
557 2917 613 2939 non
622 2905 748 2953 amplius
757 2906 959 2951 responderent
967 2903 1164 2950 foraminibus
1174 2902 1283 2938 tabulae
1295 2925 1307 2941 ‚
1316 2905 1360 2937 ita
1372 2915 1426 2937 aer
1436 2902 1600 2948 &spanus
1606 2912 1664 2934 non
1671 2898 1905 2947 permittebatur
1914 2899 1997 2932 exire
2004 2898 2045 2930 ad

282 2953 490 2998 fiftiilas‚unde
498 2955 595 2987 nullus
597 2954 714 2997 sonitus
724 2953 868 2989 edebatur
877 2978 886 2987 .
914 2959 958 2988 Vt
967 2965 1036 2988 uero
1047 2965 1101 2988 aer
1112 2964 1202 3001 quam
1212 2954 1342 3000 primum
1352 2953 1586 2997 conciperetume
1594 2948 1731 2983 modiolis
1739 2945 2044 2992 exibantfistiilae‚quae

284 3004 427 3050 phigaeos,
441 3008 482 3042 ἔφ-
491 3001 603 3036 clibani
604 3003 656 3045 seu
659 3002 746 3046 furni
755 3000 921 3037 ceruicibus
932 3004 1138 3047 contingenter
1147 3001 1304 3036 coniuncta
1313 3009 1401 3035 erant
1408 3022 1418 3038 ‚
1426 2997 1672 3047 pertingebantq‘,·
1683 2998 1722 3031 ad
1730 3009 1818 3031 nares
1825 3019 1837 3034 ,
1850 3007 1914 3044 quae
1921 3002 2007 3029 erant
2014 2995 2045 3029 in

284 3052 405 3093 arcula.
432 3058 469 3087 In
477 3051 523 3086 his
530 3061 615 3086 erant
624 3051 827 3096 aniniulae,seu
836 3063 912 3094 axes
921 3063 961 3086 ex
969 3060 1058 3087 torno
1063 3049 1193 3095 flabelli,
1202 3058 1236 3085 ut
1245 3051 1406 3098 recipiente
1413 3047 1519 3094 arcula
1522 3047 1629 3094 spiritu
1637 3045 1815 3082 obturarent
1816 3046 1982 3092 foramina,
1991 3053 2046 3077 nec
2072 3042 2120 3084 69

1952 3099 2045 3140 pate·
