2241 3318
280 148 345 184 27²
984 139 1332 179 ‘LIBER

323 212 475 248 1ucundas
487 231 496 247 ,
507 213 663 254 &gratas
675 205 849 243 bominibus·
857 207 1000 243 „archita
1010 229 1018 244 ‚
1029 211 1071 246 (μ’
1080 204 1289 241 Eratosthenis
1298 205 1481 239 inuentiones
1486 204 1576 249 fuisse
1582 227 1594 243 ,
1603 206 1675 240 dicit
1683 206 1754 240 Vitr
1763 228 1773 241 .
1800 207 1860 242 sed
1867 216 1935 241 cum
1945 202 2037 240 ambo

273 263 397 297 eandem
408 258 595 305 quaes‘tionem
605 256 783 294 tractarent,
797 258 976 304 nitereturq;
985 255 1065 290 alter
1073 277 1083 293 ‚
1095 264 1188 302 atque
1198 253 1278 288 alter
1286 254 1403 290 ratione
1414 253 1526 296 diuersa
1543 265 1610 288 eam
1614 253 1743 297 soluere,
1751 253 1841 289 ambo
1843 254 1967 302 suspecti
1968 254 2040 298 fue-

272 319 345 345 runt
380 330 390 345 ,
399 318 456 341 non
464 309 535 352 quia
546 317 594 340 res
602 306 704 339 eadem
721 304 841 349 diuersis
849 306 941 339 modis
949 306 1074 338 inueniri
1088 315 1147 337 non
1153 300 1310 350 possit‚sbd
1317 303 1388 348 quia
1397 324 1408 340 ‚
1417 304 1469 350 qui
1476 303 1618 346 nescirent
1627 325 1638 340 ,
1648 313 1717 337 cum
1724 304 1859 338 uiderent
1869 302 2041 339 „Architam

275 359 392 392 ratione
403 366 463 389 una
475 376 485 392 ‚
497 359 537 393 i&
547 352 770 395 Eratosthenem
781 354 844 388 alia
852 355 907 391 uti,
919 352 956 388 ob
967 364 1070 388 eorum
1080 352 1301 387 contentionem
1313 349 1541 397 suspicabantur
1548 373 1559 388 ‚
1571 353 1739 397 cogitantes
1746 362 1796 385 eos
1796 349 1920 394 studiose
1927 353 2003 385 inter
2005 351 2040 395 fi·

274 405 464 444 contendere.
490 403 581 450 Qod
590 403 711 450 perinde
720 401 769 444 eft,
782 402 853 446 acfi
862 404 930 450 quis
938 403 1031 436 turris
1041 400 1229 435 altitudinem
1237 398 1498 444 quadrante,aliue
1505 401 1600 437 radio,
1609 399 1692 434 alitos
1699 397 1877 441 astrolabio,
1885 400 1968 435 alitos
1974 400 2041 447 spe-

273 452 355 491 culo,
363 451 446 487 alius
457 451 518 486 alio
529 452 725 486 instrumento
733 453 890 486 metiretur
899 473 909 488 ‚
924 462 993 484 cum
1004 449 1117 494 vulgus
1124 447 1235 491 nesciat
1253 448 1376 481 eandem
1385 446 1440 491 effe
1450 450 1580 482 omnium
1587 448 1697 483 horum
1714 447 1970 491 instrumentorum
1978 461 2039 484 ra-

274 504 395 538 tionem,
405 506 447 540 Θ·
458 501 543 534 viam
552 522 563 538 ‚
573 510 635 548 quae
646 497 685 533 ab
694 499 873 546 angulorum
886 499 1023 542 mensura
1039 497 1214 541 disi-emitur
1227 495 1407 542 ‚suspicatur
1416 496 1580 540 mensorum
1589 498 1806 532 contentionem
1813 519 1825 534 ‚
1835 506 1870 532 at
1892 509 1930 533 ue
1939 509 2037 532 mnu—

275 551 419 586 lationem
430 560 534 584 uerum
551 548 705 583 inuoluere
715 569 726 585 ‚
738 561 775 582 ac
784 549 965 592 confundere
974 545 1234 588 instrumentorum
1249 543 1439 588 diuerfitate.
1467 545 1570 580 Simile
1584 547 1684 580 euenit
1692 543 1730 581 ob
1745 545 1860 581 Eratho
1884 545 1987 586 benis,
1997 552 2039 586 &-

273 598 416 637 Archiae
423 599 637 633 contentiones.
663 596 825 644 'Propofita
842 595 954 644 quaestio
963 605 1040 633 erat,
1059 607 1119 641 qua
1129 595 1246 627 ratione
1255 591 1354 627 cubus
1364 592 1510 640 duplicari
1519 603 1682 642 oporteret.
1694 593 1799 630 cubus
1808 593 1857 637 est,
1869 602 1920 633 (ut
1928 595 1993 630 dixi
1999 595 2039 630 li-

279 647 335 683 bro
345 648 450 693 quinto
460 646 479 689 )
484 645 612 689 solidum
622 654 740 691 corpus,
747 644 849 692 planis
851 644 927 687 sex,
939 650 980 683 φ
990 642 1143 677 lateribws
1153 640 1285 683 conflans
1299 640 1461 689 aqualibus
1469 668 1479 677 .
1514 646 1677 678 Metiemur
1694 641 1804 678 cubum
1811 665 1822 681 ,
1825 643 1855 688 fi
1862 644 2039 678 duxerimus·

275 696 399 744 aliquod
407 706 497 729 unum
507 705 547 728 ex
549 695 612 740 fiiis
623 692 769 727 lateribus
778 695 807 726 in
812 692 939 739 seipsum
947 715 957 730 ,
971 697 1012 731 (φ
1021 690 1239 734 eamfiimmam
1249 701 1366 737 quoque
1377 692 1548 725 duxerimus
1553 700 1608 738 per
1615 694 1692 727 idem
1704 692 1786 727 latus
1797 717 1807 726 .
1834 697 1932 726 Detur
1938 691 2039 727 cubus

277 747 362 780 cuius
370 743 468 778 latera
474 742 594 788 fingula
605 742 671 776 otto
681 740 931 788 confletpedibus‚
942 742 1000 775 duc
1010 740 1076 774 οίῗο
1084 742 1114 773 in
1121 739 1165 782 se,
1176 740 1337 773 reddentur
1359 743 1416 783 64.
1443 741 1542 775 ducito
1551 740 1652 784 rursus
1677 745 1734 786 64.
1759 751 1816 788 per
1824 741 1903 778 οῑὶο,
1914 742 2039 776 redden-

274 803 328 829 tur
356 801 370 836 5
383 805 394 826 1
403 804 419 825 2
426 817 435 827 .
445 800 492 827 tot
506 793 598 837 igitur
606 791 764 836 quadratis
771 788 896 836 pedibus
905 787 1047 830 constabit
1057 787 1162 824 cubus.
1190 793 1264 822 Cum
1273 789 1364 833 igitur
1373 786 1469 822 cubus
1476 790 1537 823 iam
1558 798 1572 831 5
1585 800 1595 822 1
1607 801 1621 822 z
1628 814 1638 825 .
1663 789 1787 837 pedibus
1795 787 1928 830 constare
1936 791 2038 836 cogni-

274 849 342 878 tum
345 840 398 886 fit,
409 849 496 875 iuxta
502 838 685 887 propofitam
702 839 890 886 quaestionem
900 837 1095 885 duplicandus
1104 835 1152 879 est.
1179 837 1270 881 Qod
1279 845 1313 870 ut
1321 838 1472 871 commode
1473 837 1625 881 faciamus
1634 860 1645 876 ,
1656 838 1812 883 neceffitrio
1822 837 1861 879 esi
1868 837 1947 880 scire
1956 861 1966 876 ‚
1977 851 2038 886 qua

274 893 391 926 ratione
400 887 518 923 duabus
531 887 691 935 propositis
700 888 790 922 rec‘lis
797 909 809 925 ‚
820 892 861 926 &-
872 884 1062 934 inaequalibus
1071 886 1155 919 lineis
1163 907 1174 923 ‚
1184 886 1264 920 duas
1273 886 1388 919 medias
1397 887 1580 920 inueniamus
1592 909 1603 924 ‚
1612 898 1675 934 quae
1683 889 1762 922 inter
1764 887 1798 930 β’
1807 893 1848 928 &⁹
1856 898 1924 922 cum
1932 889 2036 934 primis

276 941 418 975 continua
425 938 619 985 proportione
628 936 832 983 respondeant.
859 941 905 971 Vt
913 937 1005 981 igitur
1023 936 1204 969 inueniretur
1212 945 1248 968 ea
1266 935 1428 969 mediarum
1439 933 1585 969 linearum
1600 938 1802 984 comparatio,
1812 937 1892 972 modi
1900 937 2037 971 undecim

276 987 317 1022 ab
327 987 461 1033 antiquis
469 987 579 1032 reperti
581 984 663 1028 sunt.
689 985 760 1031 Aliq
774 983 960 1019 euidentibus
977 983 1257 1018 mathematicorum
1275 980 1440 1017 rationibus
1457 983 1574 1027 usisunt
1582 1005 1593 1022 ,
1603 983 1657 1031 alij
1665 1007 1675 1022 ,
1686 990 1728 1024 &⁴
1741 994 1848 1032 praeter
1856 983 2036 1027 demonstra-

278 1039 374 1072 tiones
384 1033 623 1076 inslrumentaad
631 1035 661 1068 id
669 1043 742 1081 apta
753 1032 1110 1069 inuenere.Archimedes
1122 1043 1233 1077 organo
1245 1031 1310 1074 ufias
1319 1054 1330 1070 ,
1339 1032 1417 1078 quod
1424 1031 1626 1075 mefhlabium‚
1636 1032 1703 1075 idest
1711 1035 1905 1081 medicapium
1913 1033 1956 1077 ‚fi
1965 1032 2035 1068 licet

277 1087 322 1120 ita
331 1087 438 1120 dicere,
449 1084 641 1130 nuncupauit2
651 1093 720 1120 nam
730 1095 763 1117 eo
773 1084 869 1116 medice
878 1083 955 1117 inter
964 1083 1042 1121 duas
1053 1082 1145 1119 datas
1153 1079 1372 1127 comparabiles
1380 1081 1553 1115 inuenimus.
1563 1081 1656 1116 ‘Plato
1668 1093 1784 1130 quoque
1793 1083 1855 1116 alio
1863 1082 2032 1124 instrumeco

278 1146 297 1168 u
311 1146 346 1167 us
355 1132 392 1175 esi
401 1155 410 1170 ,
422 1133 501 1175 quod
507 1133 577 1179 pari
585 1133 702 1165 ratione
712 1129 903 1175 mesolabium
921 1142 1030 1165 uocare
1037 1127 1186 1177 possumus
1195 1154 1205 1163 .
1230 1129 1388 1164 Archiam
1407 1128 1666 1171 demonstrationes
1682 1130 1787 1164 attulit
1793 1129 1877 1164 lineis
1886 1143 1905 1165 a
1915 1132 2034 1166 dimidio

279 1182 419 1227 cylindro
422 1180 566 1228 sumptis,
577 1192 655 1227 quaa
667 1183 696 1214 in
707 1189 780 1226 opus
796 1181 928 1225 redigere
940 1189 1090 1227 nunquam
1095 1180 1196 1224 potuit
1206 1203 1215 1214 .
1249 1183 1312 1223 Ego
1321 1181 1452 1218 rationes
1460 1201 1470 1217 ‚
1482 1184 1523 1217 &⁸
1539 1177 1728 1220 instrumenta
1745 1178 1903 1226 explicabo
1912 1202 1923 1217 ,
1934 1179 2034 1221 olien—

277 1231 380 1278 damq,·
392 1230 539 1278 quomodo
548 1231 587 1263 ad
595 1228 824 1276 duplicationem
833 1226 914 1266 cubi,
926 1230 1091 1265 mediarum
1101 1225 1246 1264 linearum
1254 1228 1381 1267 inuentio
1391 1239 1444 1262 nos
1454 1228 1545 1264 ducat
1554 1252 1564 1261 .
1589 1229 1767 1277 Qaeflionis
1771 1237 1901 1274 primum
1909 1229 2034 1275 afferam

278 1279 462 1324 occafionem
470 1300 481 1316 ‚
491 1289 507 1311 e
518 1289 578 1326 qua
581 1277 698 1321 summa
719 1276 840 1312 utilitas
849 1278 906 1312 erit
915 1275 1064 1320 manifesta
1077 1298 1087 1314 ,
1099 1287 1189 1323 quam
1199 1275 1334 1315 habituri
1343 1276 1414 1324 sum
1425 1276 1599 1314 Architecti
1614 1288 1643 1316 tn
1651 1278 1774 1322 egregu's
1783 1288 1884 1311 eorum
1893 1275 2034 1325 operibus·

279 1327 491 1374 deformandis.
518 1328 640 1373 Legitur
649 1338 718 1374 ergo
728 1324 856 1374 Epistola
876 1325 1083 1365 Eratosthenis
1090 1325 1131 1360 ad
1141 1324 1336 1362 Ptolemaeum
1344 1332 1453 1374 Regem
1460 1327 1491 1360 in
1499 1324 1578 1363 hunc
1585 1327 1703 1362 modum
1708 1324 1883 1374 perscripta.

645 1430 965 1463 ‘PTOLEMAEO
990 1431 1111 1471 REGI
1133 1431 1572 1475 ERATOSTHERES.
1599 1434 1640 1463 S.

353 1528 475 1563 Dicitur
482 1538 523 1562 ex
532 1526 662 1573 antiquis
671 1527 879 1573 tragediarum
887 1525 1135 1575 compositoribus
1149 1539 1240 1563 unum
1248 1528 1436 1562 introducere
1450 1528 1557 1562 Minoa
1574 1526 1688 1562 Glauco
1690 1526 1885 1575 sepulchrum
1894 1528 2031 1561 excitare

278 1576 439 1615 uolentem,
447 1588 514 1611 cum
536 1575 770 1620 ‚·ditlumfuiffi:t
784 1576 858 1611 illud
875 1586 998 1623 quaqua
1009 1575 1108 1618 uersus
1122 1575 1178 1620 effe
1183 1578 1273 1624 pedes
1281 1585 1399 1613 centum
1407 1590 1419 1610 .-
1443 1577 1533 1610 Dixit
1539 1585 1668 1622 paruam
1680 1577 1749 1620 fore
1757 1587 1862 1610 arcam
1869 1585 1924 1622 pro
1937 1577 2029 1621 Regio

271 1624 433 1673 sepulchro
442 1648 453 1664 ,
461 1627 519 1673 dup
533 1627 629 1659 icetur
637 1626 728 1670 igitur
739 1647 749 1662 ,
760 1629 801 1664 &
810 1622 907 1660 cubus
914 1635 971 1659 non
992 1633 1125 1658 mutetur
1135 1649 1144 1659 .
1156 1635 1237 1659 certe
1245 1627 1297 1673 qui
1309 1636 1398 1659 umtm
1405 1627 1540 1672 quodque
1548 1624 1630 1659 latus
1646 1625 1802 1672 duplicare
1811 1624 1941 1658 uoluerit
1948 1647 1958 1662 ,
1971 1635 2029 1658 non

279 1676 339 1709 erit
348 1677 458 1709 erroris
467 1683 585 1722 expers.
596 1685 666 1707 nam
683 1671 831 1709 lateribus
849 1672 1010 1720 duplicatis
1015 1673 1139 1720 planum
1155 1672 1308 1721 quodlibet
1324 1673 1523 1721 quadruplum
1540 1674 1682 1720 efficietur
1691 1696 1700 1712 ‚
1710 1672 1804 1721 ipsum
1820 1684 1891 1707 uero
1901 1672 2030 1716 solidum

278 1722 442 1769 oft'uplum.
453 1723 621 1769 Qaesitum
631 1724 722 1768 igitur
731 1723 776 1757 esi
783 1735 803 1758 a
807 1724 969 1768 geometris
979 1744 989 1760 ‚
998 1734 1059 1770 qua
1068 1724 1183 1758 ratione
1186 1722 1281 1765 fiilido
1290 1724 1320 1756 in
1329 1724 1429 1757 eadem
1431 1722 1533 1768 figura
1538 1732 1715 1769 permanens
1721 1723 1845 1769 duplum
1854 1721 2030 1767 efficeretur.

278 1770 403 1817 Qaesiio
413 1772 472 1807 haec
481 1770 551 1807 cubi
569 1770 732 1819 duplicatio
743 1774 894 1807 nominata
904 1770 942 1814 est
951 1796 959 1805 .
969 1782 1039 1805 nam
1047 1769 1199 1818 proposito
1209 1769 1284 1806 cubo
1295 1770 1464 1818 quaerebant
1473 1793 1483 1809 ‚
1493 1783 1552 1819 qua
1561 1773 1611 1805 uia
1617 1770 1747 1805 alterum
1755 1771 1797 1805 illi
1805 1770 1927 1818 duplum
1935 1769 2032 1816 effice·

278 1829 345 1855 rent
354 1845 364 1855 .
388 1820 629 1867 Ambigentibus
636 1842 647 1858 ‚
660 1818 920 1859 &laborantibus
928 1821 1038 1855 caeteris
1047 1843 1056 1857 ,
1066 1823 1149 1866 prius
1158 1822 1261 1855 extitit
1272 1823 1471 1868 Hippocrates
1481 1843 1490 1858 ‚
1502 1822 1555 1867 qui
1561 1821 1703 1856 indicauit
1711 1821 1741 1854 id
1746 1819 1816 1862 fieri
1820 1819 1899 1866 poJJe
1908 1818 1951 1863 ,fi
1959 1829 2030 1853 cons·

274 1868 390 1914 stitutis
408 1868 524 1905 duabus
531 1869 614 1903 lineis
623 1891 632 1906 ‚
642 1880 769 1915 quarum
778 1870 873 1903 maior
881 1870 1002 1904 minoris
1020 1868 1087 1913 esset
1095 1867 1187 1915 dupla
1196 1891 1205 1906 ,
1216 1870 1276 1909 duae
1283 1871 1380 1903 mediae
1391 1870 1420 1902 in
1435 1871 1574 1903 continua
1580 1870 1772 1915 proportione
1784 1870 1987 1903 inuenirentur
1996 1893 2006 1902 .

279 1920 383 1965 Qare
392 1930 428 1952 ea
437 1930 485 1952 res
494 1917 583 1953 dubia
595 1919 624 1951 in
634 1919 775 1951 maiorem
785 1917 989 1964 difficultatem
999 1917 1082 1960 uersa
1089 1918 1146 1952 eft.
1163 1911 1340 1964 ,Aliquanto
1346 1916 1411 1964 posi
1421 1917 1501 1963 Delu
1508 1918 1613 1952 morbo
1630 1917 1803 1951 laborantes
1811 1940 1822 1955 ‚
1831 1929 1899 1952 cum
1908 1917 2030 1952 oraculo

279 1967 434 2015 Apollinis
443 1965 617 2001 iuberentur
627 1978 712 2000 aram
721 1966 809 2013 ipfius
817 1966 979 2014 duplicare,
987 1978 1080 2012 neque
1089 1978 1149 2013 qua
1157 1967 1188 2000 id
1190 1965 1259 2007 fieri
1262 1965 1356 2013 poJJet
1362 1968 1478 2000 ratione
1478 1966 1555 2009 fittis
1562 1967 1739 2003 uiderent‚in
1748 1967 1869 2000 eandem
1877 1965 2030 2000 dubietate

277 2017 417 2054 incidere,
429 2021 470 2055 (φ
477 2013 653 2061 obiurgante
661 2015 794 2049 ‘Platone
805 2027 855 2049 eos
857 2023 1041 2060 geometras,
1052 2027 1103 2062 qui
1112 2023 1197 2049 erant
1206 2016 1235 2048 in
1243 2016 1426 2052 Academia,
1435 2014 1476 2050 ab
1488 2017 1525 2061 ijs
1533 2015 1652 2062 quaefitu'
1660 2015 1716 2052 est,
1726 2023 1760 2048 ut
1767 2016 1932 2048 inuenirent
1949 2015 2029 2060 quod

275 2074 354 2115 prop
358 2064 551 2109 ofitfifuerat.
561 2066 583 2110 ij
591 2075 658 2099 cum
667 2062 764 2098 labori
772 2062 844 2106 sese
853 2062 1045 2108 dedissent&
1054 2072 1194 2098 conantes
1202 2065 1333 2098 inuenire
1342 2065 1419 2099 duas
1429 2065 1544 2099 medias
1550 2072 1740 2111 proportione
1746 2063 1948 2109 respondentes
1955 2064 2030 2096 dua·

281 2113 339 2148 bus
345 2123 403 2161 pro
425 2113 505 2159 ofitis
515 2113 599 2147 lineis
609 2127 620 2147 :
629 2114 739 2148 dicitur
745 2111 917 2148 ‚Architam
925 2114 1117 2148 Tarentinum
1124 2124 1175 2147 eas
1183 2112 1320 2157 inueniffe
1327 2112 1605 2158 hemicylindrorum
1613 2114 1738 2146 ratione.
1746 2111 1889 2145 Eudoxus
1897 2122 1968 2145 uero
1970 2111 2030 2156 fle-

282 2164 332 2197 xis
344 2122 518 2209 ᾳιιὶἱιιβανη
528 2161 622 2200 lineis,
633 2170 769 2196 caeterum
778 2170 903 2209 uterque
905 2161 980 2205 sane
997 2159 1199 2208 approbatam
1217 2160 1326 2195 harum
1336 2155 1434 2197 rerum
1451 2163 1598 2197 rationem
1606 2162 1739 2195 inuenire
1748 2160 1814 2203 ‚sed
1820 2168 1925 2194 neuter
1933 2171 1985 2194 eas
1990 2161 2031 2194 ad

281 2210 365 2255 usum
377 2212 478 2258 potuit
487 2212 723 2248 accommodare,
734 2215 775 2250 &⁸
784 2208 922 2246 manibus
931 2212 1071 2257 experiri,
1081 2218 1206 2257 excepto
1215 2220 1273 2244 uno
1282 2210 1473 2248 Menechmo‚
1483 2213 1537 2258 qui
1544 2219 1643 2245 tamen
1648 2218 1756 2256 parum
1758 2209 1834 2252 fecit
1847 2230 1856 2245 .
1867 2213 1908 2247 (9·
1916 2209 1946 2242 id
1951 2209 2030 2256 parii

282 2261 419 2294 maxima
430 2270 497 2294 cum
506 2259 753 2304 difficultatesed
762 2270 816 2293 nos
823 2260 1060 2305 excogitauimus
1069 2268 1122 2305 per
1132 2269 1244 2303 organa
1245 2257 1372 2301 fiaecilem
1380 2261 1649 2307 inuentionem‚qua
1657 2259 1693 2292 ηδ’
1702 2265 1821 2292 tantum
1829 2259 1907 2292 duas
1915 2259 2030 2292 medias

285 2305 559 2356 proportionabiles
572 2306 688 2342 duabus
696 2309 784 2345 datis,
786 2307 839 2350 sed
850 2316 998 2356 quotquot
1005 2305 1188 2355 propositum
1191 2307 1297 2350 fuerit,
1307 2317 1341 2342 ut
1347 2309 1531 2342 inueniamus
1538 2329 1549 2346 ‚
1561 2313 1601 2347 (φ
1610 2319 1644 2341 eo
1654 2308 1785 2343 inuento,
1794 2308 1962 2353 poterimus
1970 2308 2031 2341 ‹le-‚-

282 2368 363 2391 mum
384 2357 425 2391 ad
441 2353 550 2391 cubum
567 2357 706 2390 reducere
721 2356 839 2404 propofi
843 2366 908 2392 tum
917 2356 1044 2400 fiilidum
1058 2356 1143 2390 lineis
1154 2356 1235 2402 aeque‘
1251 2354 1422 2398 distantibus
1435 2365 1620 2394 contentum,
1640 2364 1695 2390 aut
1712 2357 1802 2390 etiam
1808 2367 1849 2390 ex
1862 2366 1921 2390 una
1936 2354 2030 2389 aliam

278 2405 415 2452 figuram
423 2406 569 2449 formare,
578 2416 642 2452 quae
651 2413 705 2438 aut
714 2404 847 2452 aqualis,
857 2415 910 2440 aut
920 2407 1016 2442 maior
1019 2403 1064 2449 fit
1065 2403 1190 2448 seruata
1193 2403 1397 2448 similitudine.
1422 2407 1570 2451 Qoniam
1579 2405 1650 2439 nulli
1656 2403 1779 2440 dubium
1787 2403 1825 2446 cst
1832 2426 1843 2442 ,
1852 2406 1922 2452 quin
1930 2403 2028 2447 huiufi

282 2456 364 2489 modi
373 2453 563 2496 instrumento
578 2452 726 2500 duplicari
734 2454 842 2500 possint
850 2466 917 2492 ara,
930 2451 1095 2500 aedificiaq„
1105 2458 1147 2492 ά*
1154 2454 1194 2488 ad
1203 2451 1311 2488 cubum
1319 2454 1423 2498 referri
1435 2453 1626 2500 liquidorum,
1637 2459 1678 2493 (y
1680 2452 1830 2498 siccorum
1837 2451 1984 2496 mensura,
1993 2461 2028 2487 ut

284 2505 459 2540 modiorum,
471 2507 512 2542 &⁴
518 2501 671 2546 fimilium,
681 2513 808 2549 quarum
816 2502 1017 2544 mensurarum
1026 2499 1172 2536 lateribus
1180 2502 1314 2545 uasorum
1322 2505 1477 2550 capacitas
1486 2502 1674 2548 dignoscitur.
1685 2507 1726 2542 &⁶
1734 2510 1768 2536 ut
1771 2501 1943 2544 summatim
1950 2501 2028 2539 dica,

284 2550 447 2601 quastionis
456 2550 544 2585 huius
552 2551 681 2597 cognitio
691 2550 775 2585 utilis
783 2553 828 2586 eft
839 2549 1010 2587 uolentibus
1018 2548 1180 2597 duplicare,
1185 2560 1238 2584 aut
1247 2553 1363 2586 maiora
1371 2553 1494 2586 reddere
1502 2563 1615 2598 organa
1623 2573 1634 2590 ‚
1642 2563 1659 2586 e
1666 2549 1775 2599 quibus
1782 2550 1845 2584 tela
1853 2550 1945 2592 ‚fitxa
1953 2571 1963 2587 ι
1972 2559 2028 2584 aut

277 2599 458 2648 ferreaepilae
465 2601 638 2634 mittuntur.
650 2611 719 2633 nam
726 2599 837 2644 neceffe
852 2598 890 2642 est
907 2601 1005 2634 omnia
1022 2601 1052 2632 in
1060 2598 1165 2636 latum,
1179 2604 1221 2638 (ξφ
1230 2601 1259 2633 in
1267 2599 1387 2646 longum
1395 2599 1526 2642 crescere
1539 2602 1731 2647 proportione
1746 2599 1876 2647 quadam
1883 2597 2027 2643 ,βαι-[ο-

281 2651 399 2685 ramina
404 2648 478 2693 fint,
486 2647 551 2693 fiue
561 2649 655 2686 nerui,
666 2653 707 2688 ψ·
716 2647 838 2692 immiffiz
847 2647 909 2682 alia
918 2670 928 2686 ‚
939 2657 995 2682 aut
1003 2648 1143 2694 quicquid
1152 2656 1226 2694 opus
1226 2648 1321 2692 fuerit
1328 2647 1371 2694 ‚fi
1378 2657 1475 2683 totum
1479 2650 1670 2696 proportione
1675 2650 1779 2695 augeri
1786 2650 1920 2694 cupimus
1929 2673 1938 2681 .
1948 2649 2027 2694 quod

279 2698 350 2742 fieri
359 2709 416 2732 non
423 2695 582 2744 potelifine
592 2698 679 2744 mediq'
688 2699 854 2732 inuentione
863 2721 873 2731 .
900 2695 1184 2738 Demonstrationem
1191 2698 1282 2741 igitur
1290 2719 1300 2734 ‚
1311 2703 1352 2736 (φ
1359 2706 1538 2744 apparatum
1543 2697 1674 2744 praedit‘ti
1688 2698 1793 2742 organi
1799 2695 2025 2742 tibifiabscripfi,

281 2760 323 2782 ac
329 2748 458 2794 primum
467 2745 753 2788 demonstrationem.
850 2752 1064 2794 ‘Proponantur
1072 2746 1131 2779 duae
1143 2745 1238 2782 retlae,
1249 2751 1289 2787 ψ
1300 2745 1456 2793 inequales
1464 2746 1544 2780 lineae
1552 2768 1562 2783 ‚
1573 2756 1700 2793 quarum
1708 2745 1806 2780 altera
1818 2744 1863 2789 fit
1885 2757 1906 2779 a
1921 2743 1951 2781 b,
1976 2743 2023 2778 al-

281 2804 352 2830 tera
378 2809 407 2833 c,
433 2796 463 2834 d,
490 2806 653 2842 quaeramus
661 2797 740 2829 inter
751 2795 828 2828 duas
840 2796 950 2829 medias
958 2791 1176 2840 comparabiles
1185 2796 1304 2828 ratione
1315 2796 1464 2831 continua,
1473 2796 1518 2828 ita
1525 2795 1643 2841 quidem
1650 2802 1684 2827 ut
1692 2795 1938 2842 quemadmodum
1939 2792 1976 2836 se
1984 2792 2024 2827 ha

281 2843 338 2878 bet
344 2846 442 2890 prima
451 2846 491 2879 ad
493 2842 664 2887 secundam,
673 2843 718 2879 ita
719 2842 753 2886 se
761 2841 873 2878 habeat
884 2843 1015 2886 secunda
1031 2843 1071 2876 ad
1089 2844 1209 2876 tertiam
1218 2865 1229 2881 ,
1240 2848 1283 2882 &⁴
1295 2845 1389 2878 tertia
1407 2844 1448 2876 ad
1458 2851 1599 2890 quartam
1607 2867 1617 2877 .
1642 2848 1740 2878 Detur
1747 2852 1896 2888 utranque
1903 2853 1943 2876 ex
1945 2851 2024 2888 pro-

279 2891 385 2942 pofitis
395 2891 478 2926 lineis
487 2893 526 2926 ad
531 2891 776 2940 perpendiculum
787 2894 894 2927 cadere
901 2894 931 2926 in
938 2891 1051 2926 reflam
1059 2912 1068 2927 ‚
1079 2890 1187 2938 quaefit
1211 2890 1231 2926 b
1257 2893 1288 2929 d,
1313 2897 1355 2931 ά*
1365 2893 1462 2925 maior
1462 2890 1506 2934 sit
1529 2903 1549 2925 a
1575 2890 1606 2928 b,
1632 2894 1729 2926 minor
1737 2902 1807 2925 uero
1832 2904 1856 2925 c.
1875 2891 1904 2927 d,
1929 2887 1981 2924 ab.
1991 2901 2024 2928 a.

283 2949 386 2975 autem
395 2942 434 2974 ad
458 2953 487 2979 c,
512 2942 640 2975 ducatur
646 2940 724 2975 linea
737 2963 748 2978 ‚
759 2952 820 2988 quae
829 2940 956 2975 ulterius
958 2941 1106 2989 produiia
1116 2941 1207 2974 cadat
1216 2942 1245 2974 in
1253 2940 1362 2974 lineam
1387 2938 1406 2974 b
1430 2940 1461 2977 d,
1488 2938 1532 2974 ibi
1538 2942 1595 2974 erit
1619 2951 1647 2974 e.
1673 2947 1812 2974 Ducatur
1818 2941 1908 2973 etiam
1926 2936 1965 2972 ab
1990 2950 2023 2975 a.

277 2989 364 3036 figno
372 2991 401 3022 in
410 2988 518 3023 lineam
543 2988 563 3022 b
588 2991 618 3027 d,
651 2989 741 3028 linea,
750 2988 858 3037 quaefit
880 3001 900 3024 a
919 2989 948 3033 f,
973 2994 1015 3028 &⁸
1031 2987 1070 3022 ab
1091 2989 1120 3032 f,
1145 2988 1260 3032 rursum
1271 2991 1400 3023 ducatur
1408 2987 1486 3022 linea
1509 3001 1529 3022 a
1555 2987 1586 3026 b,
1611 2989 1691 3036 aque
1700 2990 1815 3023 distans
1822 3010 1831 3025 ,
1841 2986 1946 3034 quaefit
1952 2987 1975 3029 f
1985 2998 2021 3032 g.

283 3049 348 3084 quae
357 3038 468 3072 lineam
492 3049 512 3071 a
537 3051 566 3075 c,
592 3040 621 3071 in
629 3039 738 3086 punCto
747 3059 757 3075 ‚
779 3050 815 3083 g,
840 3046 959 3085 tangat.
983 3037 1124 3072 Similiter
1141 3039 1269 3072 ducatur
1285 3037 1363 3072 linea
1380 3050 1400 3071 a
1412 3036 1497 3082 figno
1517 3049 1542 3083 g
1551 3061 1560 3076 ‚
1588 3035 1768 3084 aequidistans
1782 3036 1862 3070 lineat
1884 3048 1904 3069 a
1924 3036 1952 3080 f}
1980 3041 2024 3074 &¹

279 3086 323 3135 fit
331 3087 382 3123 illa
413 3097 439 3134 g
463 3086 496 3125 h,
521 3098 585 3133 quae
608 3086 715 3122 lineam
740 3085 759 3120 b
785 3089 815 3126 d,
836 3085 1082 3134 tangat2infigno
1106 3087 1139 3127 h,
1163 3099 1250 3135 aquo
1253 3086 1339 3133 figno
1347 3085 1566 3133 erigaturlinea
1581 3083 1828 3134 aequidifiasisipfi
1851 3096 1871 3119 a
1896 3082 2023 3130 ba&fi5
2049 3086 2096 3119 60

1971 3133 2022 3167 illa

2064 1104 2108 1128 20

2058 1600 2105 1634 30

2055 2115 2102 2150 4⁰

2055 2601 2099 2638 50
