2241 3318
288 111 357 146 340
980 100 1306 142 LIBER

276 174 443 209 orbiculos
454 183 589 218 trcs‚pcr
599 183 682 218 quos
695 169 820 205 traieffi
830 168 922 205 funes
932 170 1104 206 traduntur
1112 171 1302 206 hominibus
1310 169 1350 206 ad
1360 169 1557 206 ducendum.
1584 172 1636 207 Ita
1646 180 1709 207 tres
1718 171 1848 207 ordines
1859 171 2030 208 hominum

276 223 443 261 ducentes,
458 222 521 255 sine
531 232 637 268 ergata
648 220 796 254 celeriter
805 231 889 253 onus
897 219 936 253 ad
949 218 1107 254 summum
1118 222 1299 268 perducunt
1307 244 1316 253 .
1346 219 1425 255 Hoc
1432 232 1534 268 genus
1546 221 1702 255 machinae
1713 220 1909 269 polispaston
1920 223 2031 269 appel-

276 272 372 310 latur,
385 270 475 318 quod
489 271 598 303 multis
609 268 834 302 orbiculorum
845 269 1106 308 circuitionibus,
1121 274 1153 304 &
1165 268 1357 303 facilitatem
1370 268 1525 304 summam
1537 267 1674 316 praestat‚
1687 273 1719 305 δι
1731 271 1926 305 celeritatem
1941 295 1950 306 .
1965 272 2033 306 Vna

275 332 382 354 autem
394 319 524 353 statutio
535 318 617 365 tigni
631 318 712 351 hanc
724 316 844 351 habent
855 318 1028 352 utilitatem
1053 341 1064 356 ,
1077 318 1167 364 quod
1185 329 1259 352 ante
1282 329 1438 364 quantum
1448 319 1537 357 uelit,
1548 322 1578 353 δε
1591 319 1701 354 dextra
1710 331 1746 353 ac
1756 317 1875 353 sinistra
1884 318 1924 353 ad
1933 319 2033 354 latera

276 369 469 404 declinando
482 379 565 401 onus
575 366 738 413 deponere
746 364 866 412 potest.
894 366 1023 401 Harum
1037 366 1313 401 machinationum
1332 367 1480 401 omniurn
1491 391 1502 406 ‚
1513 379 1583 414 quae
1599 366 1691 414 supra
1713 366 1782 402 sunt
1791 365 1912 413 scriptae
1933 369 2032 403 ratio-

277 429 343 456 nes,
355 429 423 450 non
436 416 539 450 modo
550 415 587 448 ad
599 415 651 449 has
664 427 722 454 res,
732 412 781 448 sed
790 415 833 449 ad
847 416 1070 455 onerandas&
1081 415 1298 450 exonerandas
1309 427 1405 450 naues
1417 415 1485 450 sunt
1497 416 1690 461 paratae,aliae
1701 416 1825 455 erefitae,
1837 416 1904 450 aliae
1916 418 2032 463 planae,

277 467 309 498 in
320 465 481 510 carchciijs
492 463 691 498 uersatilibus
711 464 881 498 collocatae
896 488 905 498 .
932 465 1016 498 Non
1030 465 1136 498 minus
1147 463 1209 498 fine
1221 464 1389 510 tignorum
1410 464 1631 499 erectionibus
1650 465 1684 498 in
1694 466 1792 512 plano
1809 465 1906 500 etiam
1916 464 2031 500 eadem

275 514 412 552 ratione,
422 517 453 548 &
469 514 652 558 temperatis
663 511 806 550 funibus,
820 516 851 546 δι
863 513 1026 550 trochleis,
1052 511 1280 546 subductiones
1291 513 1422 547 nauium
1433 510 1621 548 efficiuntur
1630 538 1638 546 .

323 560 423 598 subtil
426 574 473 597 em
482 562 622 596 machina
631 563 787 599 rationem,
800 567 841 601 εἰ)
850 563 1001 596 inuentum
1006 563 1147 608 proponit
1155 567 1186 596 V
1189 563 1238 595 itr.
1250 560 1402 609 ostenditq'5
1413 564 1558 609 quomodo
1561 561 1734 606 fabricetur
1742 585 1752 601 ‚
1764 568 1805 603 (φ
1815 571 1970 598 texturam
1975 563 2031 607 fit-

275 623 355 645 nium
363 612 438 657 tigni
445 612 680 648 collocationem,
692 616 732 650 (q-
740 610 1017 647 nomenclationem,
1028 609 1291 657 ufitmc25maclairiae
1300 609 1434 644 declarat
1443 634 1453 644 .
1480 614 1552 645 Inde
1559 623 1613 645 nos
1632 620 1732 645 monet
1750 611 1954 646 machinarum
1963 622 2029 646 tra-

273 660 440 694 fioriarum
451 660 517 703 ufiis
527 659 580 704 effe
585 659 698 706 plures,
710 669 799 705 quam
808 668 1056 693 commemoratos
1073 683 1083 693 .
1110 661 1242 704 Erigitur
1251 660 1364 704 tignum
1376 683 1385 692 .
1397 664 1437 694 ,Α
1446 662 1543 705 capite
1547 661 1636 703 funes
1645 659 1738 694 habet
1746 669 1876 707 quatuor
1886 660 2031 706 religatos

275 713 296 755 (
297 709 350 743 lios
359 709 524 743 retinacula
534 717 624 742 uocat
634 729 643 743 ‚
655 719 708 740 nos
710 707 827 750 fizrtias
837 716 870 741 ut
886 708 976 750 dixi)
989 707 1048 741 lmc
1058 708 1098 741 ad
1106 717 1220 741 terram
1241 709 1455 745 demittuntur,
1471 707 1582 755 palisq;
1594 707 1695 751 infixis
1715 709 1977 746 commendantur,
1994 716 2030 743 ut

268 758 360 805 Jirpra
371 758 483 792 dic'lum
492 756 540 799 eli.
568 756 703 802 Officium
712 754 947 790 retinaculorum
955 757 1016 793 esi,
1028 755 1199 790 machinam
1209 755 1347 793 ereffiam,
1357 761 1398 795 (3-
1407 757 1517 790 nullam
1527 758 1556 790 in
1561 765 1681 803 partem
1687 757 1906 804 proclinantem
1914 766 2027 791 tenere.

273 805 336 842 Sub
347 806 406 841 hac
416 805 583 841 retinacula
594 828 603 843 ‚
615 803 666 838 ubi
674 804 839 850 religantur
849 816 868 838 a
880 803 1027 839 lateribus
1037 803 1261 850 tigni,chelonia
1283 806 1340 838 duo
1346 803 1571 850 figuntur,inter
1581 817 1643 853 quie
1648 803 1784 840 trochlea
1795 805 1958 840 collocatur
1967 827 1977 843 ‚
1987 811 2029 845 &-

275 857 332 890 illis
337 855 470 897 firmiter
479 855 636 900 religatur.
665 852 725 887 Sub
735 852 873 888 trochlea
878 863 936 901 pro
947 851 1038 888 cubili
1047 852 1150 900 regula
1160 852 1197 895 esi
1209 852 1352 900 bipedalis
1361 875 1372 890 ‚
1383 852 1447 887 lata
1452 852 1538 896 frenos
1547 876 1557 892 ‚
1568 853 1664 898 craffiz
1671 863 1830 901 quaternos
1837 855 1945 899 digitos
1955 867 1964 886 ε
1975 866 2029 888 cu-

274 907 320 939 ius
330 915 434 937 munus
444 903 492 946 esi,
504 903 617 937 roffam
625 901 793 937 trochlezzm
801 904 961 940 continere,
974 908 1014 942 &-
1023 915 1042 936 a
1052 906 1134 949 tigno
1145 911 1292 936 remotam
1300 924 1310 939 ,
1322 911 1357 936 ut
1365 904 1517 937 commode
1519 903 1640 946 funium
1649 911 1774 937 textura
1778 902 1848 945 fiat.
1877 902 2029 937 Trochleae

274 962 335 988 tres
343 961 490 999 parantur
498 974 508 989 ,
519 953 580 986 duae
591 963 630 985 ex
638 953 679 984 eis
688 959 788 984 ternos
796 949 908 984 habent
918 950 1119 985 orbiculorum
1130 953 1244 985 ordines
1263 953 1292 984 in
1311 950 1470 984 latitudine
1480 975 1489 985 .
1514 958 1609 986 Funes
1617 950 1675 985 hoc
1691 952 1777 986 modo
1791 960 1936 986 texuntur
1945 977 1953 985 .
1964 960 2029 985 tres

274 1004 401 1048 duflarij
403 1003 492 1045 funes
509 1002 548 1034 ad
555 999 695 1034 machinae
705 1008 796 1046 caput
805 998 970 1045 religantur
979 1022 988 1037 ,
999 1011 1125 1047 quorum
1134 1001 1236 1046 capita
1245 1000 1439 1033 demittuntur
1449 1022 1459 1037 ,
1470 1006 1510 1039 (y
1523 1008 1656 1047 exparte
1663 1001 1797 1034 interiori
1804 999 1942 1035 trochleae
1950 1000 2028 1043 infe-

273 1054 360 1087 rioris
367 1059 421 1097 per
430 1059 491 1084 tres
500 1047 650 1083 orbiculos
650 1047 817 1095 superiores
827 1050 962 1083 ordinate
980 1050 1171 1094 traijciuntur
1182 1072 1191 1082 .
1218 1048 1358 1082 Traiec‘ia
1369 1050 1469 1094 capita
1478 1049 1647 1092 referuntur
1659 1050 1699 1082 ad
1715 1048 1880 1082 trochleam
1885 1049 2028 1096 fiiperio—

274 1112 348 1138 rem,
359 1106 399 1138 (9-
406 1100 597 1143 traq'ciuntur
605 1095 645 1131 ab
655 1099 801 1131 exteriori
809 1106 898 1144 parte
909 1107 966 1143 per
977 1095 1128 1131 orbiculos
1139 1097 1303 1141 inferiores,
1314 1102 1355 1136 &⁴
1363 1098 1406 1131 ita
1417 1095 1457 1131 ab
1467 1098 1601 1131 interiori
1604 1105 1694 1144 parte
1705 1098 1912 1135 demittuntur,
1925 1103 1965 1136 ρῇ-
1971 1107 2027 1144 per

267 1149 429 1195 secundum
438 1148 567 1180 ordinem
577 1144 780 1180 orbiculorum
787 1147 980 1192 traijciuntur
993 1150 1031 1179 ad
1039 1147 1220 1180 exteriorem
1227 1154 1348 1193 partem
1357 1169 1367 1178 .
1388 1151 1402 1181 l
1404 1145 1532 1194 tei-iiniij;
1540 1147 1579 1180 ad
1580 1145 1740 1189 secundum
1749 1148 1879 1180 ordinem
1888 1145 2027 1180 trochleae

266 1196 625 1246 fiiperiorisreferuntum
636 1200 677 1234 (φ
686 1194 804 1228 traiecti
809 1204 865 1241 per
873 1206 923 1228 eos
937 1196 1132 1228 demittuntur
1143 1216 1153 1232 ‚
1166 1199 1206 1233 &
1221 1194 1262 1228 ab
1272 1195 1363 1228 tertio
1381 1192 1584 1229 orbiculorum
1604 1196 1703 1228 ordine
1722 1195 1761 1228 ad
1777 1203 1869 1242 caput
1887 1193 2028 1228 machina

273 1248 450 1291 resti-untur,
461 1245 648 1283 &induntur
658 1245 687 1276 in
698 1252 759 1277 tres
760 1242 928 1290 superiores
937 1241 1096 1280 orbiculos,
1107 1244 1173 1277 inde
1180 1244 1220 1277 ad
1231 1242 1370 1277 machina
1374 1244 1479 1291 pedem
1490 1242 1606 1288 demiffa
1615 1242 1781 1285 inseruntur
1790 1245 1819 1277 in
1831 1245 1953 1277 tertiam
1963 1251 2028 1277 tro-

273 1296 392 1331 chleam
402 1293 444 1329 ibi
452 1294 623 1338 colligatam
633 1306 643 1325 .·
659 1303 749 1339 quam
760 1295 855 1326 Graeci
865 1292 1015 1322 ἐπάγοντα,
1029 1293 1127 1325 Latini
1133 1295 1351 1330 Artemonem,
1361 1290 1620 1339 nostripasleccam
1628 1293 1743 1326 dicunt.
1763 1298 1834 1326 Haec
1847 1290 1945 1325 tribus
1955 1302 2028 1326 con-

266 1345 330 1389 Jiat
341 1341 482 1377 orbiculis
489 1339 673 1387 aeqimbiliter
685 1342 846 1378 collocatis,
856 1342 886 1374 in
898 1351 974 1387 quos
981 1341 1122 1374 induntur
1130 1341 1191 1374 tria
1207 1341 1257 1375 illa
1266 1341 1386 1385 funium
1394 1350 1496 1388 capita
1505 1362 1516 1379 ,
1526 1352 1587 1387 quae
1601 1341 1709 1374 dantur
1727 1338 1895 1374 hominibus
1912 1341 1952 1374 ad
1961 1349 2026 1374 tra·

272 1393 459 1429 bendum,ita
468 1388 623 1435 utfingula
631 1391 732 1435 capita
741 1388 838 1423 tribus
847 1392 965 1425 dentur,
975 1387 1024 1422 uel
1034 1390 1123 1422 etiam
1132 1386 1279 1435 pluribus,
1283 1386 1311 1432 fi
1315 1387 1440 1433 facilius
1445 1388 1602 1433 subleuari
1616 1399 1708 1422 onera
1729 1388 1853 1423 uelimus
1861 1413 1871 1423 .
1898 1395 1929 1424 H
1931 1400 1966 1423 oc
1967 1399 2025 1434 ge-

272 1454 328 1477 nus
337 1440 478 1474 machinae
487 1438 526 1472 ab
537 1437 738 1472 orbiculorum
747 1449 867 1472 numero
875 1435 1043 1484 polispaslos
1051 1439 1159 1471 dicitur
1168 1462 1178 1472 .
1204 1437 1335 1484 Effl’Cius
1344 1439 1405 1472 eius
1414 1436 1452 1480 est
1461 1446 1495 1472 ut
1511 1437 1659 1473 relaxatis
1675 1436 1783 1472 leniter
1791 1436 1966 1472 retinaculis
1975 1459 1986 1474 ,
1996 1438 2026 1470 in

274 1502 367 1539 qnam
375 1497 493 1536 partem
502 1486 636 1523 uelimus,
648 1498 712 1520 eam
721 1484 1058 1534 proclinarefhciamus‚
1070 1492 1111 1526 ξφ
1119 1497 1208 1520 onera
1218 1488 1389 1534 deponimus
1396 1509 1407 1524 ,
1418 1485 1470 1520 ubi
1481 1496 1553 1533 opus
1570 1483 1609 1527 esl
1621 1511 1630 1519 .
1657 1491 1688 1520 V
1683 1485 1735 1527 sus
1741 1486 1951 1520 machinarum
1960 1497 2026 1519 om=

272 1551 352 1574 nium
368 1537 574 1584 praediffarum
591 1537 695 1570 uarius
713 1535 751 1578 est
759 1559 770 1574 ,
791 1541 832 1575 (9-
848 1533 1008 1581 multiplex
1015 1557 1025 1572 ,
1036 1541 1077 1574 &-
1096 1546 1136 1569 ex
1153 1534 1295 1570 machina
1318 1537 1593 1570 accommodatione
1609 1533 1765 1580 perficitur
1773 1556 1784 1572 ‚
1795 1533 1861 1578 siue
1869 1536 1899 1567 in
1912 1533 2005 1581 plano
2014 1555 2025 1571 ,

267 1588 333 1634 siue
344 1590 372 1621 in
383 1585 479 1619 altum
488 1596 577 1618 onera
586 1586 692 1619 ducere
699 1583 883 1632 propositum
887 1582 929 1626 sic
940 1607 950 1617 .
973 1582 1129 1627 carchesia
1139 1595 1192 1618 nos
1197 1583 1337 1630 paretola
1347 1595 1491 1619 uocamus
1499 1606 1511 1623 ‚
1521 1586 1605 1619 cuius
1608 1583 1727 1629 formas
1734 1594 1802 1619 cum
1810 1584 2026 1629 diagrammate

270 1637 436 1686 posuimus,
447 1632 530 1681 quali
539 1644 592 1667 nos
600 1635 722 1668 utimur.
736 1633 816 1667 alias
825 1634 865 1668 ad
865 1633 998 1679 formam
1007 1631 1098 1666 literae
1107 1639 1132 1662 Δ
1145 1631 1247 1678 ,fizt‘ia
1254 1641 1351 1668 erant.
1734 1646 1736 1652 ·

408 1751 658 1828 thfifimtis
669 1755 787 1808 ratio
797 1751 867 1806 ad
863 1753 1036 1828 grauia
1050 1771 1188 1806 onera
1200 1751 1411 1806 ducenda
1426 1795 1436 1806 .
1554 1757 1655 1832 Cap
1667 1796 1678 1808 .
1758 1754 1808 1808 V
1821 1755 1847 1806 Ι
1854 1794 1864 1805 .

285 1894 412 1924 saxu
479 1880 541 1913 ΟΝ
568 1878 614 1913 est
621 1879 759 1914 alienum
770 1878 993 1926 Ctefiphontis
1004 1876 1205 1927 ingeniosam
1215 1878 1436 1913 inuentionem
1455 1891 1614 1926 exponere
1626 1905 1634 1915 .
1645 1879 1670 1914 is
1679 1879 1764 1914 enim
1776 1876 1885 1925 scapos
1895 1877 2026 1912 colum-

284 1919 313 1976 ξ
325 1910 416 1981 NJ:
495 1941 607 1962 narum
619 1941 655 1962 ex
666 1927 844 1975 lapicidinis
862 1940 936 1962 cum
947 1930 1116 1975 deportare
1127 1929 1222 1962 uellet
1234 1927 1393 1974 Ephesum
1403 1930 1442 1964 ad
1452 1930 1564 1963 Dianae
1575 1927 1683 1963 fanum
1697 1951 1707 1966 ,
1716 1938 1849 1976 propter
1860 1926 2026 1973 magnitu-

285 1975 313 2028 Ξ,
325 1970 368 2022 ἒῐ
396 1981 416 2003 '⁴
496 1977 606 2012 dinem
615 1980 800 2014 onerum,&
811 1978 934 2011 uiarum
945 1975 1151 2024 campestrem
1165 1977 1416 2016 mollitudinem,
1426 1989 1493 2011 non
1504 1976 1646 2012 confisus
1654 1978 1804 2014 carrisme
1814 1986 1892 2009 rota:
1902 1976 2025 2014 deuota

286 1992 460 2065 imgl'h‘sss‘
497 2025 659 2063 rentur,fic
671 2024 715 2060 est
725 2036 871 2059 conatus.
886 2025 940 2058 De
950 2025 1078 2059 materia
1089 2026 1226 2059 trientali
1238 2022 1348 2071 scapos
1358 2026 1594 2072 quatuor‚duos
1605 2024 1845 2060 transuersarios
1857 2021 2024 2068 interpoli-

2060 586 2106 611 10

2057 1078 2111 1102 20-

2056 1568 2101 1604 30

270 2088 325 2110 tos
339 2077 466 2110 duobus
476 2075 595 2121 longis.
607 2084 725 2122 quanta
735 2073 910 2122 longitudo
920 2072 1000 2121 scapi
1011 2071 1123 2112 fuerat,
1135 2074 1337 2120 complectit,
1348 2078 1379 2109 &
1391 2075 1558 2122 compegit
1569 2100 1580 2114 ,
1591 2078 1624 2108 ὃ(
1644 2072 1764 2108 ferreos
1781 2070 1939 2106 chodaccs
1950 2095 1962 2109 ‚
1973 2070 2022 2104 uti
2049 2064 2099 2100 40

273 2122 444 2160 subscudes
454 2125 486 2158 in
496 2123 652 2169 capitibus
663 2121 831 2170 scaporum
843 2122 1070 2169 implumbauit
1078 2145 1088 2160 ,
1098 2126 1130 2156 ὃ(
1140 2123 1276 2157 armillas
1286 2123 1320 2156 in
1336 2123 1465 2157 materia
1477 2136 1512 2157 ac
1522 2123 1684 2157 chodaces
1694 2119 1932 2156 circundandos
1945 2117 2023 2153 infi-

271 2174 328 2212 xit,
338 2174 381 2207 ita
390 2173 511 2207 baculis
521 2173 648 2218 iligneis
659 2173 760 2218 capita
769 2172 926 2218 religauit.
955 2171 1127 2205 Chodaccs
1136 2183 1244 2206 autem
1257 2172 1291 2205 in
1309 2173 1441 2206 armillis
1461 2171 1571 2206 inclusi
1581 2197 1592 2211 ,
1602 2171 1734 2205 liberam
1761 2168 1940 2203 habuerunt
1951 2179 2024 2203 uer-

272 2220 428 2257 sationem
442 2243 451 2258 ‚
463 2221 594 2254 uticum
603 2220 706 2255 boues
716 2220 867 2255 ducerent
877 2219 1051 2258 subiunffr,
1061 2217 1143 2266 scapi
1154 2219 1309 2254 uersando
1317 2219 1352 2253 in
1360 2220 1570 2258 chodacibus,
1583 2223 1614 2254 δι
1624 2219 1754 2253 armillis
1764 2217 1827 2251 sine
1837 2215 1900 2250 fine
1911 2217 2025 2251 uolue-

277 2280 396 2304 rentur.
424 2270 512 2303 Cum
522 2279 630 2302 autem
642 2267 752 2316 scapos
760 2281 874 2304 omnes
884 2270 929 2304 ita
939 2267 1095 2303 uexisscnt
1104 2291 1115 2307 ‚
1126 2267 1322 2303 &instarent
1333 2267 1552 2315 epistyliorum
1565 2268 1712 2305 υεᾶυι-κ,
1722 2266 1819 2301 Filius
1831 2263 2023 2312 Ctesifonris

273 2318 465 2365 Metagenes
484 2317 644 2351 transtulit
654 2329 723 2350 eam
734 2318 890 2353 rationem
902 2330 919 2352 e
927 2316 1093 2364 scaporum
1104 2316 1234 2350 uc6tura
1244 2317 1339 2351 etiam
1349 2318 1381 2350 in
1390 2316 1609 2365 epistyliorum
1620 2316 1827 2351 deductione.
1838 2314 1926 2349 Fecit
1936 2310 2024 2348 e¹iiim

272 2379 359 2402 rotas
369 2368 493 2401 circiter
502 2366 620 2412 pedum
630 2365 831 2405 duodenum,
840 2370 873 2401 &
884 2365 1105 2414 epistyliorum
1122 2366 1224 2412 capita
1233 2366 1265 2399 in
1276 2365 1394 2400 medias
1405 2377 1490 2400 rotas
1499 2388 1510 2404 ,
1521 2364 1630 2399 eadem
1650 2365 1775 2399 ratione
1785 2376 1860 2398 cum
1870 2362 2024 2401 chodaoi-

273 2416 334 2450 bus
345 2439 355 2454 ,
367 2420 397 2449 &
409 2416 540 2450 armillis
551 2413 676 2449 inclufit
687 2439 697 2448 .
724 2417 774 2449 Ita
785 2427 858 2448 curn
870 2417 999 2449 trientes
1009 2427 1025 2447 a
1034 2413 1139 2448 bubus
1149 2415 1341 2449 ducerentur
1351 2439 1361 2453 ,
1371 2415 1402 2448 in
1414 2414 1546 2449 armillis
1565 2412 1676 2448 inclusi
1687 2413 1846 2448 chodaces
1855 2409 2022 2447 uersabant

273 2477 372 2499 rotas.
384 2463 532 2512 Epistylia
544 2463 621 2497 uero
633 2462 749 2498 inclusa
759 2463 805 2496 uti
816 2476 888 2497 axes
903 2465 934 2497 in
946 2463 1010 2497 toti
1018 2463 1156 2502 s,eadem
1167 2463 1368 2510 ratione‚qua
1378 2461 1536 2510 scapi,sinc
1547 2475 1639 2496 mora
1648 2462 1688 2497 ad
1698 2474 1782 2508 opus
1793 2471 2022 2509 peruenerunt.

271 2514 446 2551 Exemplar
454 2524 560 2547 autem
569 2513 628 2546 erit
640 2512 719 2550 eius,
731 2511 1010 2559 quemadmodum
1021 2512 1053 2545 in
1066 2510 1214 2557 palaestris
1224 2512 1357 2558 cylindri
1367 2522 1533 2558 exaequant
1542 2510 1781 2545 ambulationes
1791 2535 1800 2545 .
1826 2509 1946 2556 Neque
1955 2509 2021 2543 hoc

273 2559 423 2608 potuiss'ct
433 2559 514 2600 fieri,
524 2559 579 2594 nisi
591 2561 731 2607 primum
743 2559 970 2608 propinquitas
978 2558 1063 2595 effet.
1074 2559 1157 2593 Non
1167 2564 1252 2594 enim
1264 2561 1335 2606 plus
1344 2559 1462 2595 suntab
1473 2559 1652 2607 lapicidinis
1659 2560 1698 2594 ad
1710 2557 1933 2605 fanum‚qu:*tm
1946 2558 2022 2592 mil-

273 2611 314 2644 lia
327 2609 466 2656 pulsuum
479 2610 571 2648 οᾶο,
584 2622 624 2643 ne
634 2610 716 2644 ullus
730 2608 775 2644 cst
785 2610 900 2646 cliuus,
910 2607 961 2642 sed
972 2620 1141 2655 perpetuus
1152 2620 1294 2656 campus.

324 2659 475 2694 Cliodaces
485 2665 568 2694 Hero
573 2660 723 2705 gnodaces
731 2667 833 2696 uocat,
843 2670 896 2692 nos
903 2667 1080 2704 tampagnos
1089 2659 1223 2695 dicimus,
1229 2657 1408 2701 fimtfhrreae
1415 2659 1548 2693 rotunda
1553 2667 1642 2706 parte
1651 2658 1798 2692 exteriore
1800 2654 2020 2699 fitbscudiculae,

278 2710 308 2742 in
317 2711 462 2742 extremis
467 2708 627 2755 scaporum
636 2730 646 2745 ,
657 2708 794 2755 axiumq;
804 2705 956 2754 capitibus
971 2707 1080 2740 adacta
1088 2729 1098 2744 ,
1110 2712 1151 2746 ό»
1163 2704 1364 2753 implumbatae
1371 2729 1381 2744 ‚
1388 2717 1444 2754 per
1452 2719 1532 2754 quaa
1541 2709 1571 2741 in
1579 2707 1700 2741 armillis
1708 2728 1719 2743 ‚
1729 2705 1786 2739 hoc
1796 2703 1833 2747 eft
1842 2707 1871 2739 in
1881 2704 2000 2738 annulis
2008 2726 2020 2741 ‚

271 2756 444 2791 cercbiellos
462 2768 515 2790 nos
545 2757 672 2790 dicimus
683 2779 692 2793 ‚
696 2756 781 2803 scapi
790 2765 844 2789 aut
861 2767 937 2789 axes
951 2755 1042 2788 etiam
1057 2754 1298 2798 torniuerfizntur
1308 2777 1320 2793 ‚
1332 2764 1367 2790 ut
1375 2758 1471 2803 inquit
1479 2755 1660 2793 Philander,
1671 2755 1820 2794 &recza
1857 2755 2020 2788 Materiem

272 2814 374 2838 autem
386 2804 555 2838 trientalem
563 2805 699 2850 intelligit
710 2814 842 2851 quatuor
853 2804 992 2851 pollicum
1008 2802 1193 2848 craffitudine
1203 2829 1212 2837 .
1225 2805 1299 2846 infra
1309 2800 1411 2838 autem
1421 2806 1517 2838 dicit.⁴
1537 2808 1551 2847 {
1562 2809 1635 2838 Cum
1651 2805 1776 2838 trientes
1792 2815 1813 2837 a
1821 2801 1920 2836 bubus
1931 2803 2022 2835 duce-

276 2862 394 2887 rentur.
409 2855 422 2894 }
451 2852 604 2900 Cylindrus
612 2853 689 2901 lapis
700 2851 737 2894 esi
748 2862 827 2887 teres
834 2854 864 2886 in
874 2854 993 2887 modum
1001 2851 1141 2886 columna
1149 2875 1159 2890 ‚
1170 2864 1228 2900 quo
1235 2864 1310 2886 areae
1316 2861 1572 2900 coaequantur,nos
1585 2848 2022 2900 conquationemillamfizcere,

275 2900 374 2944 orslzre
385 2902 508 2936 dicimus
519 2926 528 2935 .
555 2901 681 2947 Reliqua
688 2901 778 2948 perse
785 2910 904 2948 patent.

321 2950 381 2983 No
389 2961 482 2984 sTRA
511 2962 589 2983 uero
602 2950 756 2984 memoria
769 2962 845 2983 cum
859 2949 1007 2984 colossici
1021 2950 1208 2996 Appollinis
1225 2950 1258 2984 in
1269 2948 1348 2984 fano
1365 2949 1446 2984 baiis
1454 2945 1529 2983 effer
1541 2960 1557 2982 a
1567 2948 1723 2984 uetustate
1740 2946 1871 2982 difraRa
1882 2969 1892 2985 ,
1904 2950 1935 2981 &
1946 2957 2023 2980 me·-

271 3009 398 3033 tuentes
412 3010 451 3031 ne
461 2997 587 3031 caderet
596 3010 630 3031 ea
643 2997 756 3037 statua,
764 3001 796 3032 &
808 2996 1019 3046 frangeretur,
1033 2999 1220 3033 locauerunt
1228 3011 1265 3032 ex
1276 2997 1392 3033 eisdem
1403 2997 1578 3044 lapicidinis
1589 2998 1687 3032 basim
1696 2996 1916 3032 excidendam.
1926 2995 2022 3028 Con-

270 3048 364 3084 duxit
378 3047 513 3097 quidem
524 3047 700 3083 Paconius.
709 3047 789 3082 Haec
799 3057 912 3083 autern
924 3046 1004 3083 baiis
1014 3058 1081 3083 erat
1089 3048 1188 3097 longa
1197 3046 1294 3095 pedes
1302 3048 1491 3089 duodecim,
1509 3047 1571 3082 lata
1579 3047 1677 3095 pedes
1684 3046 1776 3087 οέὶο,
1787 3046 1846 3081 alta
1856 3043 1953 3093 pedes
1962 3042 2022 3078 sex.

1910 3097 2021 3137 Qam

2052 2552 2096 2590 50

2049 3042 2098 3076 σο
