2241 3318
822 56 1332 101 QVARTVS.
1852 66 1914 100 143

181 142 270 183 parte
276 131 496 178 antepagmenti
505 156 513 163 .
523 132 592 177 Qa
599 131 715 165 ratione
724 138 826 163 autem
835 128 942 164 debeat
949 127 1048 162 lumen
1049 127 1185 174 superius
1192 127 1330 161 contrahi
1338 150 1348 165 ‚
1360 139 1418 161 non
1425 127 1579 173 plane‘siio
1590 153 1599 163 .
1610 139 1669 161 non
1686 128 1762 162 enim
1771 139 1836 161 eam
1846 140 1919 162 con-

183 180 559 222 trac‘lionemobseruarunt
568 180 685 227 antiqui
689 177 753 225 posi
762 181 843 213 Vitr.
861 180 984 212 *unicum
992 186 1092 211 tamen
1109 175 1264 221 exemplar
1272 178 1302 209 in
1314 174 1478 223 Tyburtino
1496 176 1605 223 templo
1621 177 1795 222 conspicitur
1804 176 1919 219 ‚forsan

182 230 301 266 maioris
303 228 458 271 firmitatis
465 228 566 271 causa,
571 227 671 272 forfizn
679 236 714 262 ut
723 226 831 260 melius
839 225 940 267 ollium
949 238 968 259 a
976 227 1135 272 longinquo
1144 227 1222 258 inter
1232 224 1390 259 Columnas
1398 235 1626 272 appareat.nam
1637 231 1677 264 <9-
1686 225 1810 259 diductis
1819 227 1918 258 cruri-

181 278 239 314 bus
241 277 358 319 firmior
365 277 453 311 homo
463 278 508 311 est
515 277 604 325 qudm
610 277 679 323 pari
682 275 792 315 buz&
801 274 928 321 angulus
935 284 1043 308 acutus
1052 275 1146 319 magis
1155 272 1257 318 estqui
1267 272 1424 318 longiorib.
1439 276 1530 319 radus
1538 273 1688 307 clauditur
1696 299 1705 307 .
1716 274 1796 316 Qid
1803 272 1858 306 hoc
1864 272 1920 315 sit,

181 325 315 369 nonsatis
323 325 513 373 exploratum
528 325 637 360 habeo.
649 326 755 359 eadem
764 335 881 370 quoque
899 325 1015 357 ratione
1032 331 1263 369 antepagmenta
1273 321 1475 356 contrahenda
1484 321 1565 355 iubet
1576 347 1584 355 .
1599 324 1768 357 duodecima
1786 324 1861 355 enim
1870 322 1920 354 tsc-

180 376 267 409 minis
272 383 363 421 parte
370 386 436 409 cum
440 374 503 419 sint
510 377 539 408 in
544 383 633 422 parte
643 374 784 416 inferiori,
797 373 1023 420 quartadecima
1027 371 1162 418 superius
1176 378 1266 418 parte
1269 369 1327 412 fica
1336 370 1531 414 craffitudinis
1538 370 1603 404 uult
1612 373 1744 404 imminui
1755 393 1763 407 ‚
1775 380 1866 417 atque
1874 372 1918 404 ita

180 422 277 464 lumen
285 422 402 457 luminis
410 426 550 458 terminos
558 445 569 461 ‚
580 428 621 463 φ’
628 424 719 456 imum
728 433 840 455 corona
849 419 992 454 habemus
1002 445 1010 454 .
1039 425 1174 467 Spatium
1183 419 1263 466 quod
1266 418 1359 466 fiipra
1368 418 1466 453 lumen
1474 417 1510 459 esi
1520 441 1529 456 ,
1539 421 1583 452 ita
1593 417 1920 465 distribuiturfiiperci-

179 471 254 511 lium
260 473 389 519 primum
400 473 446 507 es‘t
454 482 517 506 tam
525 471 650 516 craffitm
658 493 669 508 ‚
679 469 768 517 qndm
776 477 1038 516 antepagmentum
1049 468 1187 516 fitperius
1196 493 1205 501 .
1218 467 1346 510 firmitur
1361 469 1427 501 inde
1435 467 1677 513 sextafizpercilij
1685 477 1758 513 pars
1768 489 1777 504 ,
1789 473 1829 506 <9-
1837 479 1876 501 ex
1885 478 1921 500 ea

96 556 97 560 ,
106 546 152 575 30
181 522 343 567 cymatium
353 519 539 562 constituitur
548 543 558 559 ,
568 519 824 566 cuiusproieae‘lura
841 527 928 552 tanta
936 517 982 552 eft
990 540 999 555 ,
1010 526 1123 565 quanta
1133 518 1194 550 eius
1203 517 1362 559 crassitudo
1370 538 1380 553 ‚
1392 515 1625 562 &sculpendum
1634 517 1678 549 es't
1687 517 1847 561 cymatium
1856 515 1922 558 Les-

182 569 264 604 bium
274 580 341 609 cum
348 567 497 615 astragalo
506 591 517 606 ,
526 570 605 614 quod
626 570 738 602 circum
746 575 975 614 antepagmenta
980 568 1133 613 procurrit
1140 587 1150 602 ‚
1162 577 1229 598 nam
1238 566 1273 598 de
1282 564 1433 612 supercilii
1449 566 1577 610 cymatio
1586 562 1684 603 [latim
1694 564 1828 610 loquitur
1836 570 1866 598 V
1866 566 1920 598 itr-

181 618 308 665 cumque
315 618 397 652 dicat
406 640 416 656 ,
427 619 506 665 quod
508 617 600 666 supra
609 618 772 664 cymatium
780 640 790 654 ‚
800 617 878 663 quod
894 614 931 657 est
939 617 968 648 in
972 613 1140 662 supercilio,
1152 614 1315 648 collocatur
1323 612 1534 661 hyperthyron,
1542 612 1668 654 innuitfi:
1679 612 1735 646 hoc
1744 611 1809 645 loco
1819 613 1853 646 de
1861 611 1923 645 alio

185 668 317 714 cymatio
326 667 500 712 intelligere:
509 664 609 714 cumq‘,·
618 668 708 700 etiam
717 666 807 702 dicat,
821 666 913 712 {quod
912 664 1004 712 supra
1014 663 1269 711 cymatium‚qnod
1277 664 1335 697 erit
1345 664 1374 696 in
1379 661 1562 708 supercilia}
1573 659 1692 703 ostendit
1699 662 1778 706 quod
1785 662 1813 692 in
1824 659 1923 704 craffi-

183 717 287 751 midine
294 737 304 753 ‚
313 724 367 749 aut
375 715 533 755 altitudine
538 714 690 762 supercilij
700 713 873 748 includatur
883 715 1056 759 cymatium,
1067 718 1106 751 (φ
1116 723 1172 745 non
1178 712 1300 758 ponitur
1302 710 1395 758 fiipra
1397 709 1587 757 supercilium
1597 735 1605 743 .
1623 709 1764 744 Similiter
1773 708 1858 755 fitpra
1869 721 1921 752 cy-

183 766 308 798 matium
316 786 326 801 ,
338 765 419 811 quod
425 765 471 800 eft
479 765 508 797 in
511 762 670 811 supercilio
679 763 844 797 collocatur
852 761 1053 809 hyperthyron
1062 762 1201 806 ‚fi-egium
1210 758 1296 801 nostri
1305 761 1404 796 dicunt
1414 784 1422 793 .
1433 760 1513 806 quod
1520 757 1734 805 hyperthyrum
1743 756 1780 799 eft
1788 758 1925 801 crassitu-

183 816 250 847 dine
255 812 407 859 fiipercilij
415 835 425 850 ‚
435 815 465 846 in
473 825 532 860 quo
542 814 631 846 etiam
641 811 803 846 includitur
814 813 976 858 cymatium
994 812 1134 844 Doricum
1144 831 1154 846 ‚
1165 807 1381 854 &astragalus
1397 806 1517 844 Lesbius
1522 808 1599 851 fima
1604 806 1775 853 scalptura,
1785 817 1853 839 nain
1863 805 1923 839 hae

182 859 316 896 membra
325 872 381 894 non
390 860 497 895 debent
505 860 631 895 multum
636 862 909 907 prominere.Super
921 857 1122 906 hyperthyron
1131 869 1240 892 corona
1245 856 1337 904 plana
1347 869 1414 892 cum
1417 857 1471 899 suo
1481 857 1608 903 cymatio
1611 855 1754 898 facienda
1762 855 1922 900 es‘hquem-

183 911 340 946 admodum
348 921 388 944 ex
397 909 587 957 deseriptione
592 918 690 956 patet.
704 910 761 943 Sed
769 910 848 956 quod
857 910 938 943 Vitr.
950 909 1022 942 dicit
1034 932 1042 941 .
1069 911 1213 951 {Dextra,
1230 919 1267 939 ac
1288 904 1386 947 inislra
1399 905 1571 952 proietiurae
1582 903 1703 947 ficsunt
1710 902 1849 942 facienda
1858 925 1868 939 ‚
1880 904 1926 936 uti

183 959 346 1005 crepidines
355 967 530 996 excurrant,
540 964 581 997 (q-
589 961 619 991 in
629 969 723 1003 ungue
731 957 791 1002 ipfiz
800 958 931 1002 cymatia
940 957 1182 1001 coniunganturs}
1193 962 1241 989 lta
1251 954 1470 999 intelligendum
1477 962 1560 1000 puto,
1565 962 1597 986 ut
1605 950 1883 1000 cymatia‚quaefiint
1893 953 1924 984 in

111 1040 129 1062 ²
183 1006 364 1054 hyperthyro
370 1009 612 1054 promineant‚&
621 1005 672 1040 ubi
679 1000 856 1043 inciduntur,
861 1006 939 1053 quod
947 1011 977 1039 V
978 1006 1061 1038 itr.in
1070 1015 1166 1049 ungue
1173 1002 1318 1040 dicinuna‘
1328 1004 1543 1048 coniungantur
1554 1014 1620 1037 cum
1629 1000 1825 1048 his,qu.esunt
1834 1002 1863 1033 in
1872 1011 1926 1033 uer

135 1042 156 1066 ὀ
177 1056 256 1100 suris
264 1055 385 1092 dextra,
394 1069 430 1090 ac
433 1054 550 1099 sinislra
561 1055 659 1098 uersus
664 1057 842 1102 parietes‚ut
846 1064 920 1101 pars
925 1055 1094 1100 prominens
1102 1053 1121 1086 h
1119 1051 1278 1099 ypertliyri
1285 1063 1304 1085 a
1312 1049 1457 1086 lateribus
1465 1049 1564 1093 nonsit
1568 1049 1631 1093 fine
1640 1052 1926 1085 ornametocorona

183 1107 321 1152 quanqua
330 1104 448 1142 alta‚e.t
457 1110 487 1139 V
488 1106 623 1138 ituram?
631 1102 786 1145 constituta
795 1114 852 1136 non
861 1111 944 1137 caret
951 1101 1171 1149 exemplo.licet
1175 1102 1258 1144 forte
1266 1100 1425 1146 respexerit
1435 1101 1474 1135 ad
1482 1099 1638 1133 columnae
1648 1100 1803 1131 interiores
1806 1098 1927 1144 pronai.

233 1154 271 1185 Sl
284 1165 306 1186 N
332 1164 438 1187 autem
450 1153 566 1186 Ionico
577 1164 691 1200 genere
703 1149 817 1186 futurae
827 1162 919 1185 erunt
931 1175 941 1189 ,
952 1151 1058 1184 lumen
1068 1151 1167 1183 altum
1177 1149 1214 1182 ad
1226 1153 1363 1182 eundem
1374 1146 1803 1193 modum,quemadmodum
1815 1148 1846 1179 in
1855 1147 1930 1178 Do-

186 1200 342 1239 ricisffieri
354 1201 492 1236 uidetur.
504 1200 658 1235 Latitudo
670 1200 932 1237 constituatunut
941 1200 1080 1233 altitudo
1091 1197 1253 1232 diuidatur
1263 1198 1294 1231 in
1306 1208 1407 1242 partes
1418 1197 1539 1233 duam&
1550 1194 1728 1231 dimidiam,
1739 1193 1838 1241 eiusq;
1858 1206 1929 1239 par-

186 1251 226 1285 tis
235 1251 329 1284 unius
340 1248 430 1284 semis
441 1250 503 1283 ima
513 1250 641 1284 luminis
658 1247 713 1283 fiat
724 1249 881 1283 altitudo:
899 1249 1112 1282 contraehirae
1135 1247 1177 1280 ita
1191 1258 1224 1280 ut
1244 1247 1275 1279 in
1286 1246 1421 1279 Doricis
1431 1271 1438 1277 .
1453 1242 1641 1278 Crassitudo
1661 1254 1931 1288 antepagmento-

185 1312 256 1333 rum
266 1299 431 1333 altitudine
442 1299 570 1333 luminis
579 1299 613 1333 in
623 1296 708 1332 frore
718 1298 953 1346 quartadecima
963 1308 1070 1344 parte:
1083 1296 1266 1342 Cymatium
1277 1294 1370 1328 huius
1386 1293 1599 1329 crassitudinis
1617 1291 1716 1326 sexta:
1730 1292 1849 1337 reliqua
1860 1302 1930 1336 pars

186 1360 298 1394 praeter
308 1348 481 1393 cymatium
490 1347 652 1381 diuidatur
662 1348 694 1381 in
706 1358 810 1394 partes
832 1359 843 1380 1
853 1359 866 1379 2
875 1372 884 1382 .
894 1347 971 1380 barii
981 1346 1076 1381 trium
1087 1346 1188 1391 prima
1198 1342 1284 1379 corsa
1293 1342 1349 1377 fiat
1360 1355 1433 1377 cum
1444 1341 1600 1388 astragalo
1610 1363 1620 1379 ‚
1631 1339 1767 1375 sccunda
1778 1351 1931 1386 quatuor,

187 1398 280 1431 tertia
299 1397 442 1443 quinque
450 1418 461 1434 ‚
472 1393 656 1444 eaec'1;corsae
666 1408 739 1429 cum
758 1395 917 1442 astragalis
935 1395 1187 1429 circumcursant
1204 1418 1213 1427 .
1248 1392 1449 1443 Hyperthyra
1466 1402 1572 1425 autem
1584 1391 1622 1424 ad
1639 1390 1777 1424 eundem
1795 1387 1934 1421 modum

186 1455 444 1494 componantur,
455 1445 730 1491 quemadmodum
741 1445 774 1478 in
786 1445 920 1480 Doricis
932 1442 1209 1491 hyperthytidibus
1220 1467 1228 1477 .
1240 1438 1681 1487 Ancones‚s1uepr0thyrides
1693 1448 1852 1473 nocentur
1861 1461 1870 1474 ,
1881 1448 1935 1469 ex-

186 1494 301 1540 culptae
314 1495 421 1528 dextra
432 1519 442 1533 ‚
452 1506 487 1527 ac
498 1492 616 1529 finistra
625 1493 849 1541 praependeant
867 1493 971 1528 adimi
983 1491 1137 1540 supercilij
1149 1491 1374 1526 libramentum
1387 1501 1499 1535 praeter
1509 1486 1624 1522 folium
1637 1513 1645 1521 .
1683 1487 1738 1520 Eae
1757 1484 1933 1520 habeantin

96 1545 100 1550 “
114 1532 158 1568 3⁰
187 1541 297 1576 fronte
318 1541 556 1578 crassitudinem
575 1554 610 1577 ex
627 1543 867 1593 antepagmenti
880 1542 980 1578 tribus
991 1540 1135 1593 partibus
1146 1553 1241 1579 unam
1252 1563 1262 1581 ,
1273 1539 1385 1575 inimo
1398 1548 1510 1591 quarta
1519 1548 1607 1587 parte
1616 1535 1803 1587 graciliores
1812 1557 1822 1574 s
1834 1533 1934 1584 quffin

186 1589 360 1638 superiora.

237 1642 370 1676 lonicum
370 1652 467 1686 genus
475 1640 612 1683 ostiorum
618 1641 747 1686 absoluit
756 1644 838 1679 Vitr.
849 1640 998 1686 &fficilis
1006 1639 1044 1683 esi
1052 1663 1062 1678 ,
1072 1640 1158 1674 modo
1167 1640 1298 1688 quadam
1308 1635 1478 1685 significata
1488 1635 1692 1680 intelligantur
1702 1657 1711 1667 .
1734 1631 1821 1675 Corsa
1830 1629 1869 1673 est
1877 1643 1934 1665 an-

188 1692 372 1736 tepafflssnti
382 1687 481 1733 ffiftia
491 1712 500 1727 ›
509 1692 607 1736 prima
617 1690 699 1734 corsa
708 1689 745 1733 esi
754 1703 799 1728 ea,
810 1703 872 1737 qua
877 1693 1002 1738 propior
1013 1688 1050 1731 est
1060 1689 1175 1723 lunzini.
1198 1693 1343 1723 Ancones
1358 1683 1562 1728 mensulaesunt
1571 1696 1590 1717 a
1598 1680 1744 1716 lateribus
1751 1679 1823 1726 οβῆ,
1834 1686 1864 1714 5.
1878 1680 1935 1714 lit-

189 1746 259 1772 terae
264 1737 515 1785 fimiles‚quaesuis
524 1737 672 1784 capitibus
681 1741 710 1772 in
718 1739 833 1772 uelutis
841 1738 1050 1772 conuoluntur.
1057 1744 1155 1772 Gracc
1161 1736 1351 1783 prothyrides
1359 1731 1705 1769 nominantuncartellas
1714 1728 1800 1771 nostri
1808 1738 1932 1768 uocant,

186 1785 316 1833 pendent
317 1785 374 1828 sub
385 1797 497 1820 corona
507 1787 546 1820 ad
561 1796 795 1833 antepagmenta
803 1788 843 1819 ad
857 1785 1098 1832 perpendiculum
1116 1787 1166 1818 imi
1167 1779 1317 1832 stipercilij
1326 1806 1335 1821 ‚
1343 1791 1449 1830 prater
1451 1781 1560 1826 folium
1570 1803 1579 1818 ,
1588 1779 1835 1828 quemadmodum
1845 1780 1873 1811 in
1884 1778 1917 1811 de
1924 1798 1934 1803 -

183 1834 342 1880 scriptione
349 1836 589 1881 uidemus‚neque
596 1836 773 1870 credendum
781 1836 825 1869 eft
835 1833 903 1875 ollio
913 1841 927 1869 l
928 1835 1004 1867 onici
1007 1836 1126 1880 generis
1134 1830 1273 1870 coronam
1283 1831 1420 1866 adhiberi
1427 1842 1505 1877 aque
1513 1827 1658 1865 libratam
1669 1826 1808 1875 capitulis
1817 1825 1931 1861 colurn-

190 1894 308 1920 narum‚
320 1884 564 1930 quemadmodum
579 1885 608 1917 in
615 1885 916 1932 Doricispraeceptum
924 1883 980 1916 ert.
1017 1884 1119 1928 Qare
1127 1904 1138 1920 ,
1148 1883 1227 1928 quod
1235 1880 1401 1921 ‘Philander
1412 1877 1517 1925 abijcit
1525 1901 1535 1919 ,
1546 1877 1620 1911 nihil
1630 1875 1667 1919 est
1679 1901 1688 1915 ,

241 1932 356 1965 Fons
384 1931 426 1965 ita
436 1932 690 1978 compingantur
700 1953 710 1968 ,
721 1933 766 1965 uti
777 1930 860 1977 scapi
870 1931 1043 1967 cardinales
1054 1930 1113 1964 lint
1122 1942 1161 1963 ex
1173 1929 1339 1963 altitudine
1358 1928 1487 1961 luminis
1507 1927 1609 1961 totius
1622 1924 1814 1962 duodecima
1826 1934 1915 1970 parte
1923 1949 1934 1959 .

119 2016 123 2020 ,
190 1980 273 2014 inter
282 1981 365 2015 duos
378 1978 486 2023 scapos
497 1990 647 2026 tympana
654 1993 690 2013 ex
700 1979 872 2014 duodecim
884 1979 1027 2026 partibus
1044 1979 1180 2012 habeant
1190 1989 1294 2012 ternas
1304 1988 1407 2024 partes
1420 2001 1429 2011 .
1444 1974 1631 2022 Impagibus
1642 1972 1884 2009 distributiones
1893 1974 1937 2006 ita

100 2027 162 2065 “4⁰
189 2028 281 2069 fient,
293 2029 339 2062 uti
350 2028 456 2063 diuisis
464 2027 690 2063 altitudinibus
700 2029 732 2062 in
742 2039 845 2075 partes
857 2028 1013 2076 quinque,
1022 2027 1091 2061 duae
1103 2026 1276 2074 superiori,
1286 2037 1349 2060 tres
1359 2024 1502 2061 inferiori
1514 2023 1737 2070 designentur.
1758 2025 1858 2067 Super
1868 2033 1936 2055 me-

189 2078 279 2112 dium
291 2077 385 2122 medij
397 2078 540 2123 impages
549 2078 766 2114 collocentur,
775 2090 811 2111 ex
821 2077 952 2123 reliquis
962 2077 1012 2121 aiij
1023 2078 1054 2109 in
1064 2075 1202 2112 summo,
1212 2076 1261 2120 alij
1274 2076 1306 2110 in
1316 2076 1385 2109 imo
1395 2073 1657 2120 compingantur.
1669 2070 1825 2107 Latitudo
1835 2071 1938 2115 impa-

192 2127 241 2173 gis
252 2126 307 2161 fiat
317 2126 460 2174 tympani
477 2127 568 2160 tertia
577 2137 665 2174 parte
675 2149 686 2164 ‚
700 2126 872 2172 cymatium
883 2124 964 2160 sexta
975 2137 1061 2172 parte
1072 2125 1209 2171 impagis
1220 2149 1229 2160 .
1249 2128 1427 2168 scaporum
1444 2121 1627 2156 latitudines
1644 2119 1780 2166 impagis
1802 2118 1938 2153 dimidia

193 2186 296 2221 parte.
306 2178 387 2209 Item
398 2175 519 2219 replum
532 2177 573 2211 de
591 2176 718 2222 impage
728 2174 871 2212 dimidia,
881 2178 912 2209 &
924 2173 1003 2208 sexta
1014 2184 1100 2220 parte
1111 2199 1120 2208 .
1131 2174 1223 2219 Scapi
1236 2173 1290 2220 qui
1301 2171 1369 2207 sunt
1379 2182 1452 2204 ante
1471 2167 1644 2203 secundum
1656 2168 1878 2215 pagmentum‚
1888 2167 1938 2200 di-

193 2223 328 2257 midium
339 2223 473 2270 impagis
483 2223 720 2258 constituantur
730 2249 739 2258 .
767 2224 820 2257 Sin
830 2235 935 2257 autem
947 2225 1079 2257 ualuatae
1090 2233 1183 2257 erunt
1193 2247 1203 2262 ,
1216 2221 1400 2255 altitudines
1417 2219 1460 2252 ita
1479 2217 1654 2253 manebunt
1665 2240 1675 2250 .
1684 2217 1717 2251 in
1733 2216 1938 2252 latitudinem

194 2271 362 2316 adijciatur
369 2273 505 2318 amplius
514 2270 594 2306 foris
604 2272 742 2308 latitudo
753 2271 789 2315 (fi
801 2270 994 2319 quadriforis
1004 2270 1109 2306 futura
1118 2271 1177 2312 est)
1188 2269 1326 2305 altitudo
1344 2268 1523 2312 adijciatur.

244 2321 398 2355 Haftenus
413 2321 523 2354 dietum
530 2320 568 2363 esi
577 2323 612 2356 de
621 2324 657 2369 ijs
661 2320 799 2369 partibus
816 2319 952 2361 ostiorum
960 2343 969 2358 ‚
981 2333 1043 2367 qua·
1050 2334 1069 2354 a
1078 2319 1223 2354 lateribus
1233 2342 1242 2357 ‚
1260 2324 1300 2358 &⁹
1303 2314 1504 2365 superioribus
1507 2314 1648 2362 partibus
1664 2314 1846 2349 collocantur
1855 2335 1864 2350 ,
1870 2312 1937 2357 fiue

185 2380 373 2407 marmorea,
376 2368 440 2412 siue
448 2369 564 2415 lapidea
567 2370 630 2414 fint
636 2393 647 2409 ‚
658 2382 735 2404 nunc
741 2372 777 2404 de
779 2367 898 2413 foribus
905 2372 1005 2415 agitur
1014 2392 1024 2407 ‚
1034 2371 1063 2404 id
1072 2370 1117 2403 est
1125 2370 1160 2403 de
1171 2377 1256 2414 opere
1265 2389 1274 2405 ‚
1284 2367 1362 2414 quod
1370 2365 1497 2399 materia
1516 2364 1628 2406 conflat
1637 2388 1646 2397 .
1681 2361 1820 2398 Debebat
1830 2363 1940 2408 exequi

194 2419 339 2454 Atticum
341 2429 437 2463 genus
445 2417 509 2460 ,sed
516 2421 588 2466 quia
595 2429 693 2466 pauca
702 2420 738 2453 de
746 2419 792 2452 illo
801 2419 922 2459 dicenda
924 2419 1006 2462 fis-nt,
1015 2416 1166 2460 transtulit
1174 2418 1204 2450 id
1209 2417 1362 2461 negocium
1371 2417 1400 2449 in
1405 2413 1496 2456 finem
1504 2415 1623 2460 capitis.
1634 2424 1689 2446 nos
1698 2409 1846 2447 uocabula
1858 2421 1935 2459 qua-

196 2468 264 2501 dam
272 2477 354 2500 more
362 2467 464 2501 nostro
472 2467 691 2503 declarabimus
700 2493 708 2502 .
735 2469 766 2502 Si
769 2469 855 2514 prius
862 2469 954 2502 Ionici
957 2469 1074 2513 generis
1085 2465 1185 2508 ostium
1193 2463 1402 2508 describamus.

108 2516 168 2553 “50
244 2521 338 2549 Ianua
345 2517 460 2562 primus
474 2517 574 2550 aditus
582 2515 620 2559 est
627 2519 657 2551 in
665 2518 738 2551 ades
747 2538 756 2552 ‚
767 2528 786 2550 a
806 2522 878 2550 Iano
896 2516 975 2549 dista
985 2539 995 2554 ‚
1004 2528 1023 2550 a
1035 2527 1092 2563 quo
1105 2515 1201 2548 omnia
1208 2525 1308 2547 rerum
1313 2513 1463 2560 principia
1468 2509 1658 2553 sumebantur
1667 2534 1678 2544 .
1705 2516 1846 2545 Caeterum
1854 2519 1936 2545 com-

194 2565 275 2601 muni
282 2566 396 2598 ratione
405 2562 474 2606 ostia
483 2565 621 2600 dicuntur
628 2565 709 2610 ‚fiue
717 2566 850 2600 exterius
858 2562 935 2607 ‚fiue
943 2566 1066 2599 interius
1074 2565 1247 2609 aperiantur
1255 2584 1265 2600 ‚
1271 2561 1335 2605 siue
1344 2563 1435 2595 etiam
1443 2559 1663 2595 conuoluantur
1671 2580 1682 2597 ‚
1695 2560 1788 2593 Graeci
1805 2557 1917 2594 Thiras
1927 2581 1936 2591 .

195 2616 227 2646 V
227 2623 315 2645 anum
321 2622 422 2647 autem
431 2613 460 2646 id
468 2612 505 2655 eft
512 2612 610 2648 lumen
617 2613 805 2661 hypothyron
815 2637 824 2646 .
862 2618 1069 2651 Latera,antae,
1074 2612 1126 2656 seu
1133 2612 1300 2658 paras-iada
1312 2632 1321 2648 ‚
1333 2608 1373 2644 ab
1385 2612 1463 2643 antis
1473 2618 1574 2642 autem
1592 2614 1765 2641 ornamenta
1784 2605 1937 2648 dictasunt

194 2668 422 2707 antepagmenta
432 2686 441 2695 .
466 2661 627 2705 Discrimen
635 2662 720 2697 latini
725 2670 840 2710 ponunt
848 2662 925 2695 inter
933 2663 1052 2695 ianuam
1060 2684 1070 2699 ,
1082 2667 1251 2707 &portam
1260 2675 1271 2700 ‚·
1283 2670 1350 2696 narn
1360 2656 1491 2694 urbium,
1513 2662 1554 2696 (φ
1564 2656 1736 2702 oppidorum
1740 2653 1937 2701 portasalio-

196 2719 264 2742 rum
277 2709 461 2750 aedificiorum
477 2711 587 2746 ianuae
603 2711 658 2756 effe
674 2713 775 2746 dicunt
784 2725 793 2752 3
799 2709 852 2752 sed
866 2708 965 2756 postea
975 2711 1094 2743 nomina
1117 2708 1346 2752 confunduntur.
1360 2704 1504 2754 posticum
1512 2704 1549 2747 esi
1558 2707 1648 2738 ianua
1666 2704 1813 2750 posterior
1822 2724 1832 2739 ,
1844 2702 1937 2736 Grati

192 2755 421 2804 pseiidothyrum
428 2759 576 2805 appellant
584 2782 594 2798 ‚
603 2759 799 2809 quafifalfizm
808 2760 930 2792 ianuam
939 2783 948 2792 .
956 2761 1107 2802 Anticum
1116 2756 1153 2798 esi
1161 2759 1292 2792 anterior
1308 2757 1398 2791 ianua
1408 2779 1416 2788 .
1444 2761 1544 2792 Fores,
1556 2759 1595 2792 φ
1604 2759 1780 2786 ornamenta
1790 2752 1833 2786 ita
1837 2749 1916 2791 fiunt
1926 2773 1936 2783 .

195 2806 384 2853 Stipites‚qui
396 2805 566 2842 cardinibus
580 2810 772 2856 imponuntur
773 2808 858 2853 scapi
866 2806 1031 2841 cardinales
1049 2807 1119 2841 dieti
1125 2818 1145 2840 a
1169 2811 1200 2841 V
1201 2809 1251 2840 itr.
1260 2807 1305 2839 ita
1310 2803 1379 2845 fieri
1391 2804 1411 2837 d
1416 2801 1503 2837 ebeni
1512 2824 1521 2839 ‚
1532 2811 1566 2835 ut
1583 2802 1667 2847 prius
1676 2799 1803 2833 altitudo
1819 2798 1938 2833 luminis

196 2852 387 2899 dignoscatur
400 2868 412 2889 .-
423 2854 501 2889 hanc
508 2857 538 2889 in
553 2858 705 2893 duodecim
719 2866 824 2904 partes
836 2856 1035 2894 diuidunt‚ex
1051 2857 1088 2901 ijs
1095 2866 1156 2889 una
1170 2855 1307 2903 stipitum
1328 2860 1382 2889 aut
1390 2851 1550 2897 scaporum
1568 2850 1744 2893 longitudini
1758 2847 1936 2893 defignetur.

195 2906 227 2938 V
229 2900 293 2936 erbi
293 2905 400 2949 gratia
407 2903 451 2947 ,fi
456 2903 555 2938 lumen
562 2908 619 2941 erit
626 2906 722 2941 altum
727 2907 817 2954 pedes
829 2917 843 2940 1
851 2915 882 2938 ι.
904 2905 1010 2951 pedem
1019 2915 1107 2938 unum
1116 2902 1202 2938 dabis
1212 2900 1415 2938 cardinalibus
1418 2899 1528 2945 scapis,
1539 2900 1569 2934 id
1579 2898 1623 2933 es't
1633 2899 1784 2932 dimidium
1792 2896 1936 2939 inferiori,

140 2994 145 2998 ᾗ
197 2955 239 2990 ά·
247 2951 397 2987 dimidium
397 2951 541 2998 superiori
549 2954 640 3002 scapo
649 2980 665 2989 .,
679 2957 772 3001 ·Scapi
777 2953 838 2996 suis
845 2951 994 3000 capitibus
1003 2962 1147 2998 tanquam
1156 2950 1278 2995 masculi
1288 2972 1298 2987 ‚
1308 2945 1477 2984 cardinibus
1486 2946 1634 2996 tanqua'm
1645 2947 1775 2990 foeminis
1783 2947 1936 2990 imponun-

112 2999 180 3047 ¹60¹
196 3008 259 3039 rur,
272 2999 353 3036 alter
358 3003 389 3037 in
397 3001 527 3037 liminari
535 3003 684 3052 inferiori,
693 3004 772 3039 alter
779 3003 975 3050 insuperiori,
986 3000 1109 3045 ubt'fimt
1116 3000 1234 3037 littera>
1253 3012 1288 3048 q.
1314 3010 1342 3033 ν.
1367 2997 1553 3043 Antiquitas
1565 2995 1613 3032 his
1622 2993 1753 3030 moribus
1761 2992 1937 3084 utebaqtur,

180 3056 187 3075 ὲ
214 3058 217 3060 ’
308 3067 310 3069 >
1108 3063 1110 3068 ·
1821 3049 1855 3075 ut
1875 3050 1941 3074 ores
