2195 3313
791 49 1209 89 PRIMVS.
1855 57 1870 90 ς

131 121 257 172 pellibus
266 121 321 168 otij
328 143 338 159 ‚
350 129 384 155 ut
393 122 438 155 ita
446 121 544 155 dicam
552 118 600 162 ‚se
609 121 742 154 eximere
748 125 867 154 tentant
876 144 885 152 .
899 121 963 153 ideo
975 120 1016 161 fit
1024 142 1034 157 ‚
1044 127 1079 153 ut
1101 130 1156 152 nec
1170 120 1303 153 iudicare
1320 142 1329 157 ‚
1341 131 1395 154 nec
1405 121 1727 162 finemArchitet't'mze
1748 122 1880 169 indipisci
1892 154 1895 155 γ

134 180 244 220 queant
253 195 262 205 .
271 171 415 204 exercitio
424 172 516 216 igitm
523 191 534 206 ‚
546 174 586 208 (φ
597 170 824 203 ratiocinatione
833 177 911 215 opus·
919 168 957 210 eft
967 191 977 206 ‚
986 169 1036 203 illo
1052 166 1195 214 tanqu-im
1199 176 1289 215 patre
1297 190 1308 206 ‚
1317 168 1375 203 hac
1385 170 1531 218 tanqua‘m
1537 180 1633 206 matre
1641 172 1876 207 Archi-*ellurum

281 219 409 252 Fabrica
420 217 466 251 est
476 217 670 252 continuata
681 239 691 254 ‚
707 221 736 251 δι
749 217 821 251 trita
833 216 904 251 usus
914 216 1084 251 meditatio
1096 241 1106 250 .

183 269 333 316 Qicquid
339 276 406 302 arte
417 265 573 308 conficitur
580 288 591 302 ,
603 278 644 299 ex
654 267 761 300 notitia
764 265 834 307 finis
842 275 1036 312 comparatur
1046 289 1056 298 .
1083 266 1162 299 Finis
1169 264 1208 307 eft
1215 267 1245 298 in
1254 278 1340 311 quem
1348 267 1427 300 al't'io
1435 269 1573 308 refertur,
1584 276 1625 309 (ὢν
1633 272 1716 304 cuius
1724 271 1821 313 qratia
1825 269 1877 310 fit,

136 319 276 366 quicquid
283 315 322 358 fit
331 339 341 354 ,
350 319 380 350 in
388 327 448 362 qua
457 328 489 349 re
497 316 710 349 animaduertit
718 325 799 348 mens
809 312 907 356 nostra
917 316 989 361 quid
994 316 1122 361 primum
1131 336 1140 351 ‚
1152 320 1192 354 &⁸
1202 316 1273 361 quid
1281 316 1407 349 medium
1409 316 1451 359 fit
1461 319 1620 365 :inuenitq,·
1637 308 1813 366 principium
1820 328 1881 364 piae

137 368 267 402 cellentis
276 364 424 409 cuiusdam
433 364 487 408 effi?
496 372 607 397 natura
616 376 625 396 .·
637 369 677 402 (φ
685 365 715 397 in
722 363 836 408 agendo
840 362 932 404 finem
936 365 1066 409 priorem
1074 361 1138 406 esse,
1146 362 1236 410 qua'm
1243 374 1310 396 eum
1317 385 1326 400 ,
1335 366 1386 410 qui
1395 374 1481 409 agni:
1489 366 1629 406 iiainfinis
1639 366 1676 408 eft
1684 390 1692 404 ,
1702 369 1754 414 qui
1760 369 1799 401 ad
1806 377 1881 411 agen

138 418 210 450 dum
219 416 334 450 excitat
343 427 355 447 .·
362 415 413 460 qui
419 413 488 447 uero
496 414 562 458 agit
569 433 579 449 ‚
587 414 673 458 prior
691 410 729 453 eft
731 412 834 456 forma
845 426 856 445 :
866 413 977 445 inducit
985 413 1060 445 enim
1068 413 1116 445 ille
1118 412 1251 455 formam
1259 426 1271 445 .-
1281 423 1349 445 nam
1351 412 1453 455 forma
1462 414 1531 446 atta
1540 426 1587 447 res
1596 414 1632 455 eft
1642 440 1651 448 .
1663 428 1755 462 quare
1770 421 1811 455 (ἓν
1820 414 1880 461 ipfiz

138 466 296 498 materiam
302 463 452 509 pracedit,
457 473 512 494 non
522 471 597 494 enim
605 462 731 494 materia
739 459 938 503 mouetur,nifi
939 459 1040 503 forma
1046 462 1128 506 prius
1136 459 1203 503 insit
1211 461 1240 493 in
1249 469 1345 494 mente
1352 460 1633 502 Artificis,med1um
1641 465 1712 497 uei-‹¹›
1722 463 1760 503 eft
1775 461 1880 505 ressith
1892 491 1895 494 .

69 540 86 565 1
93 541 114 564 ο
141 513 216 548 reeta
226 534 237 550 ,
246 514 275 545 in
283 522 374 558 quam
377 509 464 552 suam
467 509 539 551 finis
548 511 641 543 mittit
649 513 689 543 ad
694 511 869 555 principium
871 507 1095 552 similitudinem
1109 522 1121 542 .-
1130 520 1220 556 quam
1230 514 1271 547 &-
1279 508 1412 550 adfinem
1418 511 1595 556 principium
1614 514 1739 546 remittit
1750 538 1757 546 .
1766 512 1835 546 hinc
1843 510 1883 552 eft

141 561 220 609 quod
227 559 302 594 nihil
304 558 360 602 fini
368 560 505 592 conuenit
513 559 608 604 magis
616 580 626 595 ,
636 557 726 604 quam
731 559 909 604 principium
920 583 930 591 .
956 563 1109 591 ‘Praeterea
1117 559 1168 604 qui
1173 559 1267 591 medio
1276 555 1314 598 eft
1330 559 1565 603 impedimentum
1573 581 1583 596 ‚
1593 561 1691 602 aufert
1705 563 1883 606 principium

141 622 161 644 a
167 609 228 652 fine
235 624 246 643 .-
255 614 296 648 &⁴
304 609 430 642 medium
438 608 552 641 ratione
556 608 695 654 principis
703 605 841 643 laborat,
853 607 968 640 ratione
972 604 1042 647 finis
1050 606 1171 652 quiescit
1180 631 1189 640 .
1217 612 1290 640 Cum
1306 617 1376 651 ergo
1396 608 1462 653 quis
1472 606 1627 649 fabricare
1644 610 1768 642 intendit
1777 631 1788 644 ,
1797 608 1884 648 finem

142 657 285 704 agnoscat
293 680 303 694 ,
314 664 431 703 oportet
439 655 506 698 :fied
513 656 620 698 utfinis
628 654 819 700 cognoscatur
821 653 917 696 ftudio
926 676 936 691 ‚
949 660 990 694 (φ
997 656 1178 700 cogitatione
1186 653 1224 696 eft
1234 664 1323 701 opus,·
1333 659 1374 692 &¹
1392 657 1637 702 quemadmodum
1653 659 1704 702 qui
1713 655 1805 690 telum
1815 658 1884 689 mit-

143 709 182 741 tit
192 729 202 744 ‚
212 707 240 740 id
248 707 286 740 ad
288 705 411 752 scopum
418 715 476 738 non
484 706 623 750 dirigeret
633 729 642 741 ,
652 702 706 747 nifi
713 702 815 737 oculos
823 704 862 737 ad
870 704 900 737 id
912 704 1074 736 intenderet
1083 716 1094 736 .-
1104 705 1147 737 ita
1154 704 1268 747 artifex
1274 725 1285 740 ‚
1290 702 1318 746 si
1325 702 1386 736 alio
1394 712 1589 738 conuerlatur
1597 727 1606 741 ,
1614 704 1653 745 sin
1658 717 1703 738 em
1722 716 1778 738 non
1788 704 1896 747 conse-⁴

144 757 247 802 quitur
256 779 265 789 .
277 754 343 797 usus
350 765 421 799 ergo
433 751 469 794 eft
479 765 526 787 res
537 754 576 787 ad
585 751 715 786 debitum
721 751 812 794 finem
820 752 931 795 referre
943 773 952 789 ,
961 752 1206 799 quemadmodum
1224 750 1331 794 abufiis
1347 750 1385 793 eft
1394 768 1404 792 ,·
1414 765 1432 786 a
1443 751 1541 786 debito
1554 752 1616 794 fine
1635 752 1823 796 detorqueri:
1832 754 1888 786 Sed

144 813 180 838 ut
187 803 253 846 usus
260 804 307 837 ille
315 801 465 836 habeatur
472 824 483 840 ,
493 813 551 850 quo
563 813 610 835 res
617 800 752 843 adfinem
761 801 930 846 diriguntur
938 823 948 838 ‚
957 799 1135 844 necessarius
1144 799 1181 842 eft
1189 799 1256 843 usus
1263 799 1342 834 alius
1349 822 1359 838 ‚
1369 802 1398 835 id
1404 799 1441 843 eft
1444 802 1583 848 frequens
1591 825 1602 840 ,
1611 814 1650 836 ac
1659 805 1798 836 continua
1808 800 1889 835 alicu

144 854 190 886 ius
198 853 319 886 uirtutis
327 852 428 884 anima:
437 852 568 897 operatio
577 873 587 888 ,
597 849 666 883 hinc
674 848 711 891 eft
720 872 730 887 ,
741 850 820 896 quod
829 855 860 884 V
860 850 986 883 itruuius
993 850 1066 883 dicit
1075 873 1086 883 .

292 899 420 934 Fabrica
431 897 475 932 est
486 899 672 933 continuata
684 923 694 936 ‚
706 902 738 932 δε
749 899 821 931 trita
833 895 901 931 usus
912 897 1080 932 meditatio
1091 922 1101 932 .

194 949 448 996 Qemadmodum
458 950 506 981 uia
509 949 676 995 frequentia
685 947 836 981 hominum
845 948 954 980 teritur
960 944 1085 993 pedibus
1093 969 1103 984 ‚
1114 948 1159 981 ita
1178 949 1317 982 continua
1329 947 1399 989 finis
1413 949 1603 983 meditatione
1616 960 1697 982 mens
1713 950 1893 983 conterenda

147 999 186 1043 eft
194 1014 204 1034 .·
213 1008 247 1033 ut
253 998 319 1042 usus
328 999 390 1032 eius
399 996 544 1040 elucescat
550 1021 560 1030 .
576 995 645 1030 hinc
653 997 729 1030 artis
735 994 852 1029 utilitas
859 994 1013 1038 innotescit
1021 1009 1033 1028 .-
1044 1007 1106 1043 quae
1116 1008 1176 1030 una
1184 998 1262 1030 inter
1269 996 1498 1043 aliaspr.ccipua
1507 996 1543 1038 esi
1555 1012 1566 1030 ι
1574 1000 1683 1031 onditio
1693 1023 1703 1031 .
1721 999 1778 1032 Sed
1786 1010 1846 1045 qua
1855 1009 1892 1030 ra

147 1051 228 1083 tione
237 1057 300 1082 tam
301 1046 418 1089 solicite*
426 1046 625 1079 meditandum
635 1043 672 1086 eft
681 1044 696 1079 ,ἒ
705 1053 734 1078 et
738 1043 803 1088 fine
811 1045 1017 1087 intermistione
1027 1045 1319 1079 animaduertendum
1328 1045 1344 1078 ,ἓ
1351 1044 1404 1088 nisi
1413 1055 1447 1078 ut
1458 1054 1545 1078 extra
1555 1048 1583 1077 in
1593 1058 1624 1079 re
1633 1046 1733 1092 aliqua
1753 1046 1872 1080 ubiet‘ia
1879 1068 1892 1083 ,

149 1095 294 1143 tanquam
301 1096 428 1129 materia
439 1095 585 1140 quadam,
616 1094 734 1140 uicquid
743 1095 842 1126 animo
852 1115 862 1130 ,
872 1093 1068 1139 &frequenti
1075 1094 1264 1127 meditatione
1275 1096 1360 1140 prius
1368 1096 1463 1127 inerat
1472 1116 1482 1130 ‚
1493 1093 1670 1137 deformetur
1679 1120 1688 1128 .
1699 1096 1767 1129 hinc
1784 1101 1815 1129 V
1816 1097 1890 1128 irru-

148 1148 216 1181 uius
225 1169 236 1178 .
286 1144 371 1189 Qae
383 1142 525 1176 manibus
536 1105 699 1187 perf‘icitur
709 1141 726 1174 ἐ
739 1142 872 1175 materia
884 1141 1101 1188 cuiuscunque
1111 1143 1236 1188 generis
1248 1155 1330 1188 opus
1341 1141 1385 1176 est
1397 1166 1406 1180 ‚
1417 1143 1454 1175 ad
1465 1144 1667 1188 propositum
1679 1142 1900 1187 deformatio-¹

149 1195 200 1229 nis
212 1218 221 1228 .
270 1194 426 1229 Virtutum
435 1191 566 1225 atliones
573 1214 582 1229 ‚
595 1196 635 1230 (9⁸
645 1189 744 1234 officia
752 1191 862 1224 nullam
872 1189 1051 1232 extrinsecus
1059 1202 1121 1225 rem
1122 1190 1287 1233 fiibiettam
1293 1191 1451 1237 perficiunt
1459 1213 1469 1228 ‚
1480 1192 1543 1224 ideo
1552 1192 1682 1224 ac'tiones
1690 1192 1742 1224 illc
1751 1193 1895 1225 immanem

150 1252 199 1278 tes
207 1255 226 1277 a
236 1240 425 1287 Philosophis
432 1241 568 1274 dicuntur
576 1265 586 1274 .
612 1241 668 1274 Sed
675 1238 826 1280 Artifices
834 1238 952 1273 aliunde
961 1247 1093 1285 quarunt
1102 1262 1112 1277 ‚
1121 1241 1200 1285 quod
1205 1239 1362 1286 perficiant
1370 1262 1380 1277 ,
1391 1249 1479 1274 extra
1489 1241 1564 1273 enim
1573 1238 1610 1281 eft
1618 1262 1628 1276 ‚
1637 1241 1714 1286 quod
1722 1249 1789 1272 arie
1810 1239 1895 1273 labo-

154 1300 244 1326 ratur
253 1314 262 1329 ‚
273 1289 383 1336 lignum
394 1311 405 1326 ,
414 1300 562 1326 marmor,
572 1300 610 1322 aes
626 1310 636 1325 ,
647 1293 688 1327 ά·
697 1287 876 1330 huiusmodi,
879 1287 933 1330 sed
941 1299 998 1321 non
1002 1290 1087 1334 prius
1097 1288 1222 1333 efficitur
1230 1290 1382 1334 quippiam
1393 1311 1402 1325 ‚
1412 1300 1482 1335 quin
1490 1290 1643 1322 meditatio
1656 1288 1725 1329 finis
1739 1288 1878 1334 fi-equens
1887 1310 1897 1324 ,

151 1346 195 1379 (9⁴
203 1342 279 1374 trita
285 1336 458 1385 praecefferit
468 1362 477 1370 .
486 1339 651 1384 quicunque
659 1348 729 1381 ergo
735 1335 872 1384 pluribus
880 1338 908 1369 in
917 1335 1005 1370 rebus
1012 1338 1080 1383 iq'sq;
1090 1336 1212 1371 humani
1216 1350 1227 1369 ς
1233 1336 1333 1380 usibus
1341 1336 1505 1382 neceffizru's
1513 1339 1704 1371 meditatione
1709 1338 1804 1384 prius,
1816 1337 1899 1370 dein-

150 1390 189 1423 de
195 1386 330 1422 manibus
331 1386 364 1429 se
372 1388 539 1421 exercuerit
546 1408 556 1423 ‚
565 1388 590 1419 is
599 1387 704 1420 merito
716 1384 918 1420 Architec‘lus
927 1383 995 1426 ideft
1011 1386 1101 1419 iudex
1110 1384 1325 1429 artefhctorum
1335 1386 1477 1431 efficietur
1487 1411 1496 1419 .

202 1435 424 1471 Ratiocinatio
434 1446 541 1469 autem
551 1434 596 1469 est
606 1458 616 1474 ‚
626 1445 696 1481 quae
707 1445 754 1468 res
764 1431 931 1467 fabricatas
944 1430 1071 1483 solertia
1081 1455 1091 1473 ‚
1103 1447 1139 1469 ac
1152 1435 1276 1468 ratione
1288 1435 1512 1481 proportionis
1537 1433 1731 1470 demostrare
1739 1457 1748 1473 ‚
1760 1445 1855 1482 atque
1866 1446 1901 1468 ex

153 1485 269 1533 plicare
277 1483 384 1531 potest
394 1509 404 1519 .

75 1516 97 1561 ‘3
105 1526 126 1548 Ο
201 1536 387 1578 Ratiocinari
393 1533 519 1568 hominis
523 1536 677 1582 proprium
687 1532 725 1576 eft
733 1557 742 1573 ,
753 1536 798 1568 uis
804 1542 854 1569 aut
859 1546 903 1568 em
913 1545 975 1582 quse
981 1536 1180 1569 ratiocinatur
1188 1557 1198 1572 ‚
1208 1535 1256 1569 illa
1264 1533 1302 1577 eft
1310 1558 1320 1573 ,
1333 1546 1394 1582 qua
1404 1532 1568 1577 considerat
1575 1533 1727 1580 quitifter.·'‚
1738 1539 1779 1574 &⁶
1787 1533 1901 1580 quantu

149 1583 280 1633 prsftari
285 1581 379 1630 poteft
385 1594 452 1617 cum
460 1585 538 1616 omni
545 1585 642 1631 operis
648 1583 800 1618 machine
810 1585 968 1619 l'o'cinando
976 1595 1189 1621 erramus,cum
1198 1596 1279 1617 mens
1286 1583 1381 1626 noftra
1393 1583 1552 1626 consentire
1560 1582 1679 1625 nofficit
1687 1594 1785 1616 rerum
1794 1592 1897 1615 earum

150 1634 367 1681 proprietates,
377 1643 439 1678 quae
445 1644 537 1677 agere
545 1644 611 1667 cum
621 1632 668 1666 his
675 1648 688 1673 ,·
700 1644 763 1680 qua:
770 1635 900 1678 recipere
908 1655 919 1670 ‚
929 1644 966 1666 ac
972 1635 1041 1679 pati
1046 1641 1123 1679 apta
1130 1632 1278 1675 nataefiint
1289 1658 1297 1666 .
1308 1634 1505 1666 ratiocinatur
1514 1642 1583 1676 ergo
1591 1630 1677 1664 homo
1693 1630 1819 1673 ideftfini
1825 1632 1898 1677 prin

154 1684 264 1728 cipium
271 1682 383 1714 uirtute
392 1682 478 1725 medis
485 1681 621 1727 applicat
629 1695 640 1715 .·
647 1681 708 1728 Μή,-
717 1703 727 1718 ‚
738 1689 772 1715 ut
782 1681 892 1715 dic‘t'um
900 1680 940 1723 eft
950 1702 961 1717 ‚
969 1681 1097 1714 hominis
1104 1683 1256 1727 proprium
1262 1680 1301 1723 eft
1307 1703 1316 1718 ,
1326 1679 1496 1728 quanquam
1504 1691 1544 1713 ex
1551 1682 1683 1727 antiquis
1689 1680 1817 1713 nonnulli
1826 1686 1897 1713 cate

155 1733 198 1764 ris
206 1740 322 1776 quoque
333 1727 512 1762 animalibus
521 1731 645 1762 rationis
652 1731 803 1774 quandam
807 1728 1029 1771 similitudinem
1035 1729 1249 1776 particulamq;
1259 1729 1447 1772 concesserint
1457 1743 1468 1762 :
1477 1728 1545 1775 eaq,·
1553 1727 1678 1772 docuisse
1686 1728 1818 1762 homines
1833 1726 1896 1761 mul

156 1787 206 1812 tas
214 1786 295 1810 artes
302 1777 527 1822 pradicauerint
536 1789 546 1809 .·
559 1774 599 1809 ab
609 1787 721 1808 aranea
730 1784 902 1811 texturam,
910 1787 930 1807 a
933 1776 1062 1818 fiirmica
1071 1788 1133 1810 rem
1148 1779 1300 1823 priuatam
1308 1800 1317 1814 ‚
1328 1776 1367 1812 ab
1385 1776 1491 1824 apibus
1503 1775 1666 1823 publicam,
1676 1775 1715 1810 ab
1733 1778 1802 1823 alijs
1817 1775 1900 1810 mili-2

156 1828 232 1859 tiam
240 1846 249 1862 ‚
259 1824 308 1857 uel
313 1825 453 1870 peritiam
459 1822 691 1864 inftruendarum
697 1825 830 1857 acierum
837 1823 1016 1870 defiimptam
1033 1825 1162 1859 dicentes
1170 1825 1238 1868 :sed
1251 1838 1303 1859 nos
1319 1838 1354 1859 ea
1368 1834 1480 1859 natura
1497 1827 1624 1872 impetus
1630 1848 1640 1862 ‚
1649 1827 1831 1873 momentaq,·
1841 1836 1900 1858 non

157 1875 234 1907 artis
242 1873 400 1906 ratiocinia
402 1871 540 1915 fi'ztemur
548 1885 558 1906 .-
567 1873 648 1919 quod
648 1871 677 1915 fi
684 1884 735 1905 ars
745 1883 846 1905 eorum
853 1872 1014 1909 naturalis,
1026 1878 1067 1911 &⁴
1075 1872 1161 1915 infita
1168 1876 1266 1906 uirtus
1275 1875 1378 1907 uocari
1385 1872 1507 1907 deberet
1515 1896 1524 1910 ‚
1536 1887 1590 1907 cur
1598 1886 1657 1907 non
1674 1884 1770 1908 artem
1779 1886 1899 1920 otioque

156 1921 287 1968 lapidum
295 1941 305 1957 ,
311 1919 519 1967 plantarumq'‚·
525 1922 586 1954 uim
600 1922 750 1954 nominare
764 1919 910 1967 possemus
920 1919 936 1953 ,ἓ
953 1919 1124 1967 coelortimq;
1141 1929 1238 1954 artem
1253 1922 1415 1956 diceremus
1425 1934 1436 1953 .-
1447 1934 1506 1970 qua
1522 1925 1662 1956 continua
1671 1946 1680 1960 ‚
1692 1929 1732 1962 ci]-
1740 1917 1828 1957 celeri
1837 1945 1846 1960 ‚
1858 1927 1899 1961 εἷ’

158 1971 296 2004 ordinata
304 1970 432 2002 motione
434 1968 576 2011 feruntur
585 1968 602 2002 ,ἒ
609 1968 818 2002 elementorum
828 1979 944 2015 quoque
951 1970 1032 2003 uices
1042 1991 1051 2006 ‚
1062 1974 1102 2008 (ξφ
1110 1978 1279 2017 temporum
1287 1973 1466 2005 mutationes
1474 1993 1484 2008 ‚
1494 1977 1535 2009 &w
1545 1973 1723 2005 caducarum
1739 1983 1901 2015 rei-uragu·

80 2016 132 2053 '40
159 2017 358 2053 bernatricem
365 2025 462 2050 artem
469 2018 684 2064 appellaremus
693 2031 704 2050 .·
713 2019 769 2051 Sed
776 2018 981 2063 translationes
988 2016 1055 2058 isias
1062 2031 1081 2051 a
1088 2030 1186 2051 rerum
1190 2018 1381 2061 similitudine
1387 2019 1553 2065 defiimptas
1560 2021 1589 2051 in
1603 2020 1767 2054 tractandis
1782 2018 1902 2053 artibus

160 2066 360 2113 relinquamus
372 2090 381 2099 .
407 2067 609 2109 Ratiocinatio
617 2068 709 2111 igitur
715 2065 940 2101 ,Architeliurae
944 2075 1052 2112 parens
1054 2066 1208 2109 solertiam
1217 2069 1342 2114 requirit
1351 2093 1359 2101 .
1386 2067 1513 2102 Solertia
1531 2066 1567 2108 eft
1573 2077 1714 2114 prompta
1723 2091 1732 2105 ,
1746 2073 1786 2107 &w
1795 2069 1902 2114 expedi

160 2124 194 2150 ta
203 2116 329 2148 inuentio
338 2115 425 2160 medis
431 2128 443 2148 .·
451 2115 578 2148 medium
587 2113 625 2156 eft
634 2136 645 2152 ‚
654 2116 732 2161 quod
741 2126 808 2148 cum
817 2117 960 2149 extremis
966 2117 1141 2148 conueniens
1149 2138 1159 2153 ‚
1169 2128 1204 2149 ea
1212 2115 1296 2162 quasi
1305 2118 1454 2162 componit
1463 2117 1502 2150 ad
1509 2127 1570 2149 rem
1580 2128 1668 2149 unam
1678 2116 1901 2158 conficiendam.

159 2164 361 2208 Ratiocinatio
370 2164 461 2208 igitm
469 2161 506 2204 eft
515 2165 594 2197 ratio
603 2174 701 2197 rerum
707 2161 926 2204 fitbricatarum
932 2165 1124 2210 proportione
1131 2186 1140 2201 ‚
1156 2164 1326 2206 &fiilertia
1333 2164 1490 2207 nonsolurn
1499 2166 1614 2198 ratione
1630 2163 1829 2206 demonstraus
1836 2165 1902 2207 ,sed

160 2213 295 2246 oratione
300 2210 457 2258 explicans
468 2233 479 2249 ,
488 2213 567 2258 quod
569 2211 686 2254 fitium
695 2211 734 2253 eft
742 2237 751 2245 .
777 2213 941 2258 ‘proportio
950 2213 1021 2259 quid
1022 2211 1066 2255 fit
1074 2214 1203 2246 dicemus
1204 2212 1259 2254 fiio
1269 2212 1335 2247 loco
1347 2238 1356 2246 .
1383 2215 1582 2260 Proportione
1597 2215 1641 2246 uti
1658 2216 1803 2260 praecipue
1813 2213 1903 2247 debe-

161 2268 228 2295 mus
235 2275 247 2301 ;
268 2261 302 2294 ed
311 2271 376 2293 cum
385 2261 536 2303 necessitas
545 2270 626 2306 cogit
633 2262 748 2294 demere
757 2283 767 2298 ‚
778 2260 825 2294 uel
832 2261 939 2294 addere
956 2260 1084 2307 aliquid,
1097 2262 1297 2304 tuncfiilertia
1314 2271 1386 2308 opus
1395 2260 1433 2304 eft
1441 2284 1452 2299 ‚
1463 2273 1525 2309 qua‘
1541 2261 1666 2306 defettiu'
1681 2264 1880 2309 proportionis
1891 2284 1902 2300 ,

161 2309 305 2356 tanqucim
312 2309 433 2342 medella
440 2307 608 2343 adhibenda
616 2308 653 2350 eft
662 2323 674 2343 .·
683 2311 761 2356 quod
771 2307 947 2352 manifestius
963 2311 1019 2343 erit
1027 2309 1086 2343 alto
1096 2312 1126 2343 in
1135 2310 1201 2344 loco
1211 2336 1220 2345 .

213 2361 327 2404 ltaque
339 2356 510 2391 Architecti
521 2382 531 2396 ‚
542 2358 596 2404 qui
611 2357 673 2392 fine
683 2359 782 2392 literis
797 2358 1035 2391 contenderunt
1046 2383 1056 2397 ‚
1069 2369 1105 2392 ut
1115 2359 1259 2393 manibus
1270 2358 1365 2393 essent
1375 2359 1535 2394 exercitati
1547 2384 1555 2398 ,
1567 2372 1634 2393 non
1646 2373 1664 2405 p
1671 2370 1822 2393 otuerunt
1833 2357 1904 2392 cffi-

162 2418 235 2441 cere
243 2428 254 2444 ‚
265 2416 301 2439 ut
310 2404 462 2439 haberent
474 2417 534 2452 pro
543 2406 711 2441 laboribus
729 2406 955 2440 authoritatem
967 2430 975 2438 .
987 2406 1043 2453 qui
1065 2419 1174 2441 autem
1194 2408 1498 2442 ratiocinationibus
1509 2432 1518 2447 ‚
1528 2412 1559 2442 ὃς
1580 2410 1676 2442 literis
1696 2407 1771 2441 solis
1790 2421 1852 2441 con
1860 2407 1904 2440 {ili

163 2453 305 2492 fuerunt,
315 2453 473 2492 umbram,
483 2467 548 2488 non
559 2467 623 2488 rem
637 2455 817 2502 persequuti
828 2454 977 2488 uidentur
987 2480 996 2488 .
1024 2457 1071 2489 At
1082 2457 1136 2502 qui
1152 2467 1296 2503 utrumq;
1307 2457 1547 2502 perdidicerunt
1556 2479 1566 2494 ‚
1578 2458 1623 2490 uti
1641 2458 1793 2490 omnibus
1809 2457 1904 2489 armis

84 2507 110 2543 (ς
117 2512 139 2534 ο
166 2503 292 2541 ornati,
301 2503 398 2536 citius
408 2515 481 2536 cum
494 2502 687 2538 authoritate
696 2503 786 2549 quod
797 2501 857 2536 fuit
867 2502 1070 2551 propositum
1082 2527 1090 2540 ,
1101 2503 1171 2538 sunt
1192 2504 1343 2552 affequuti
1354 2530 1364 2540 .

210 2552 326 2588 ,Allata
333 2551 556 2588 Architeffurae
564 2552 735 2598 diffinitione
743 2575 752 2589 ‚
762 2551 944 2598 explicatoq;
952 2554 1014 2586 eius
1023 2562 1092 2586 ortu
1099 2575 1110 2590 ‚
1119 2565 1176 2587 non
1185 2555 1303 2588 uidetur
1311 2553 1350 2588 ab
1359 2566 1392 2588 re
1402 2554 1457 2598 esse
1465 2553 1643 2589 Architecti
1664 2554 1906 2597 deformationem

167 2599 274 2644 afferre
282 2622 292 2637 ‚
302 2601 545 2648 quemadmodum
553 2602 642 2646 igitur
650 2599 759 2648 absque
764 2600 939 2647 parentibus
941 2603 1026 2646 gigni
1033 2612 1117 2635 nemo
1128 2601 1220 2648 poteft
1227 2625 1238 2639 ,
1247 2604 1290 2636 ita
1298 2601 1406 2649 absqtce
1424 2604 1649 2636 ratiocinatione
1659 2625 1669 2639 ,
1680 2608 1721 2641 (9-
1732 2602 1782 2645 usu
1789 2601 1909 2637 Archi}

167 2647 335 2689 teltusfieri
342 2650 442 2696 nequit
450 2673 459 2683 .
469 2649 576 2696 quodsi
582 2652 648 2696 quis
657 2649 824 2696 perfiiasum
836 2647 960 2683 haberet
964 2648 1031 2692 sola
1034 2649 1160 2692 fizbrica
1168 2673 1179 2687 ,
1188 2650 1236 2684 uel
1236 2650 1303 2693 sola
1311 2653 1539 2686 ratiocinatione
1546 2651 1762 2686 Architet‘lum
1779 2648 1907 2693 eslefizl-

169 2695 283 2729 leretur
298 2697 378 2730 certe
387 2711 398 2730 :
405 2708 473 2731 nam
484 2697 513 2741 si
525 2709 622 2732 rerum
631 2700 767 2732 notitiam
780 2722 788 2735 ,
799 2697 997 2740 &scientiam
1008 2707 1125 2732 tantum
1142 2697 1271 2733 haberet
1279 2722 1289 2736 ‚
1298 2701 1486 2746 uendicareq;
1496 2698 1556 2742 fibi
1571 2700 1657 2732 uellet
1672 2699 1848 2734 Architefti
1856 2710 1910 2733 no,-

170 2754 237 2778 men
245 2765 262 2784 ‚⁴
271 2742 415 2778 obnoxius
422 2747 503 2780 certe
511 2745 578 2790 esset
586 2769 596 2784 ,
609 2755 801 2794 expertorum
812 2745 1095 2793 interpellationibus
1104 2769 1113 2783 ‚
1125 2752 1165 2786 ψ
1174 2750 1311 2793 conutt'qs
1320 2770 1330 2785 ,
1339 2750 1390 2794 qui
1397 2749 1476 2782 illum
1484 2750 1609 2780 inertem
1620 2769 1629 2783 ,
1640 2746 1713 2779 nibil
1720 2759 1808 2792 agere
1823 2746 1911 2779 ualen

168 2800 232 2828 tem
241 2793 371 2826 dicerent
377 2814 388 2830 ‚
396 2803 502 2828 contra
509 2795 612 2839 κενὰ-[ἱ
619 2797 684 2843 quis
693 2795 752 2828 leui
760 2795 795 2828 de
803 2793 890 2836 causa
899 2816 910 2831 ‚
921 2797 992 2840 quia
1001 2794 1138 2829 manibus
1148 2820 1158 2833 ‚
1171 2801 1212 2834 (T
1221 2798 1365 2830 exercitio
1374 2797 1502 2842 quod-zm
1511 2797 1592 2829 tenui
1600 2817 1609 2832 ,
1614 2794 1678 2838 fine
1686 2798 1801 2831 ratione
1810 2794 1913 2838 fabri-

169 2849 256 2876 caret
263 2861 275 2878 ,
284 2849 368 2874 tanto
378 2842 525 2884 nomines&
532 2845 650 2889 dignum
655 2851 779 2891 putaret
787 2865 797 2881 ‚
803 2841 967 2887 ftatimfibi
975 2855 994 2876 a
1002 2842 1133 2877 literatis
1142 2856 1174 2877 os
1182 2843 1387 2878 occluderetur
1395 2855 1463 2877 cum
1482 2845 1612 2877 rationes
1620 2864 1629 2880 2
1641 2850 1681 2882 ἔφ’
1698 2843 1912 2891 caplicationes

171 2900 273 2924 rerum
279 2887 320 2923 ab
330 2888 379 2922 illo
387 2890 581 2936 exposcerent.
592 2892 662 2927 hinc
670 2890 708 2934 eft
719 2918 729 2931 ,
740 2893 819 2939 quod
826 2893 1103 2929 armatum‚tettum
1110 2914 1121 2930 ‚
1131 2898 1172 2932 (ἰν
1180 2901 1318 2926 ornatum
1328 2890 1462 2925 omnibus
1470 2894 1562 2926 armis
1570 2891 1623 2936 esse
1641 2901 1760 2939 oportet
1770 2904 1834 2925 euni
1844 2913 1853 2927 ‚
1863 2891 1913 2936 qui

172 2936 228 2982 effe
234 2959 246 2976 ‚
258 2943 300 2979 <y
309 2938 367 2975 dici
378 2938 575 2975 „Architetius
592 2940 668 2982 uelit
677 2965 686 2977 .
704 2941 816 2975 tectum
824 2941 863 2974 ad
871 2939 1061 2983 defenfioncm
1068 2962 1079 2978 2
1089 2950 1239 2977 armatum
1246 2962 1258 2977 2
1266 2942 1306 2977 ad
1315 2940 1499 2987 offenfionem
1509 2963 1518 2977 ‚
1531 2949 1667 2974 ornatum
1674 2940 1915 2986 adgloriamaex-

82 2990 145 3036 2⁶0
168 2987 348 3036 perientiam
356 2985 484 3031 artificio
486 2987 640 3033 fouentem
648 3013 658 3026 .
673 2990 727 3026 cur
734 2990 824 3038 igitur
833 2991 948 3036 experti
965 2988 1181 3025 authoritatem
1197 3000 1253 3024 non
1254 2988 1326 3034 fient
1342 2989 1510 3036 consequuti
1518 2989 1534 3024 ,ἓ
1542 2991 1681 3040 quoniam
1694 2987 1916 3024 Architefflira

1531 3042 1570 3074 A
1622 3048 1635 3081 ς
1788 3047 1823 3069 na
1822 3033 1918 3078 scitur

73 1035 120 1058 20
