2241 3318
104 631 152 655 30

107 1119 153 1145 ΣΟ

111 1613 154 1648 30

113 2105 160 2141 4⁰

119 2593 163 2628 50

876 122 971 153 S'E
1016 122 1201 156 X'T'V
1248 124 1281 155 ς.
1850 134 1914 159 221

183 191 339 231 nectebant
347 189 490 227 conclaue
497 193 606 227 dicitur
623 190 836 227 habitaculum
853 202 938 225 omne
947 190 1005 234 fieb
1017 203 1076 225 una
1088 194 1168 226 claui
1187 192 1356 236 conclusum
1364 218 1375 227 .
1387 194 1418 227 in
1429 195 1507 228 oecis
1515 203 1615 229 autem
1618 193 1736 236 fiebant
1742 194 1843 230 uirilia
1851 208 1922 230 con-

185 240 275 279 uiuia.
286 243 349 275 oeci
357 240 441 289 quafi
451 240 651 276 habitationes
661 240 993 286 dicuntunnosflanzas
1001 242 1135 278 dicimus,
1145 241 1336 282 uelfizlottos.
1347 245 1467 277 Exedra
1471 243 1610 286 similiter
1617 243 1701 278 locus
1709 245 1862 278 audientia
1870 256 1923 278 no-

184 292 288 327 minari
292 289 386 336 potest
395 312 406 328 ‚
418 292 488 323 item
496 288 590 330 noslro
600 301 682 323 more
688 288 767 331 sala.
779 288 862 322 locus
871 298 938 322 erat
942 290 1101 335 proximus
1117 292 1267 336 uiridarijs
1275 312 1285 328 ‚
1297 297 1338 329 &
1356 290 1451 324 hortis
1459 313 1469 328 ,
1481 291 1622 334 <tsedibus
1632 292 1679 336 fic
1693 293 1805 330 ditius,
1817 295 1845 326 in
1864 304 1923 340 quo

182 341 271 375 etiam
280 339 381 374 astate
389 341 418 373 in
427 340 547 373 meridie
567 340 694 373 dormire
704 335 856 380 solebant.
876 337 1083 372 Pinacotheca
1101 337 1185 372 locus
1199 338 1252 373 ubi
1267 337 1377 374 tabulae
1390 340 1485 385 pittae,
1496 346 1538 378 (rr
1545 340 1661 387 scripta
1671 339 1877 384 seruabantur
1887 366 1897 376 .

181 387 358 430 Huiusmodi
366 396 468 434 partes
478 409 487 424 ‚
489 387 606 429 scilicet
617 387 739 422 exedra,
746 384 956 432 pinacothecae,
967 392 1009 425 (7
1016 386 1148 420 triclinia
1157 389 1288 421 maxime
1297 396 1417 424 ornata,
1436 388 1556 433 magnzfi
1557 391 1694 426 centiam,
1707 394 1748 428 (φ
1757 389 1862 424 luxum
1868 400 1925 437 po-

180 437 242 470 tius
246 434 458 482 praefhrebant‚
465 435 601 482 piffuris,
615 434 770 471 columnis,
776 434 892 480 signino
904 444 992 480 opere
1002 456 1012 471 ,
1021 434 1221 469 marmoribus
1231 434 1363 477 illustria.
1375 437 1470 469 Modo
1479 442 1510 471 V
1510 439 1582 470 itru.
1593 439 1721 471 omnium
1740 438 1926 486 harumpar—

180 486 254 519 tium
256 483 443 531 symmetrias
457 493 520 518 tum
539 482 730 528 generalibus
740 505 750 520 ,
762 492 825 516 tum
835 481 1070 529 particularibus
1075 487 1233 530 praeceptis
1251 483 1385 530 explicat
1394 507 1403 516 .
1431 484 1574 518 Triclinia
1580 487 1709 531 primum
1717 489 1845 533 expedit,
1856 486 1926 534 ead,-

181 531 236 576 effie
244 535 315 568 dicit
336 535 464 567 duorum
473 533 688 577 quadratorum
698 554 707 568 ‚
717 533 748 565 id
755 530 792 572 esl
803 532 1016 577 longitudinem
1026 531 1146 578 duplam
1153 531 1304 566 latitudini
1314 558 1323 566 .
1352 534 1521 568 Generatim
1545 533 1615 567 uero
1625 544 1709 567 omne
1726 534 1866 570 conclaue
1879 538 1926 570 ait

180 579 285 621 debere
294 580 347 626 effe
357 580 455 615 altum
463 581 581 614 dimidio
590 580 666 613 illius
673 582 767 614 totius
778 602 786 616 ,
797 581 875 626 quod
880 579 920 621 fit
929 591 968 614 ex
985 580 1195 627 compofitione
1212 582 1404 626 longitudinis
1414 603 1424 618 ‚
1436 586 1477 620 ξφ
1484 580 1651 615 latitudinis
1659 603 1669 618 ‚
1687 593 1755 615 nam
1762 583 1787 626 fi
1796 582 1924 618 latitudo

175 629 331 674 sexfuerit
336 629 484 677 paffuum‚
495 628 647 673 longitudo
665 638 765 662 autem
772 630 925 662 duodecim
943 638 1160 675 componantur
1161 629 1218 671 sex
1229 635 1270 668 (9-
1279 630 1434 663 duodecim
1443 651 1454 666 ,
1469 631 1627 663 reddentur
1659 641 1669 662 1
1679 631 1711 663 8.
1738 642 1863 678 quorum
1871 634 1925 666 di·-

181 677 372 721 midiumfiint
380 689 484 712 nouem
495 702 504 710 .
515 676 633 723 Qodfi
642 679 755 711 exedra
766 678 919 724 quadratae
920 677 1037 719 fuerint
1046 700 1056 714 ‚
1065 677 1237 712 altitudines
1245 687 1332 712 erunt
1333 677 1541 724 sexquialterae
1551 679 1591 711 ad
1601 677 1788 712 latitudinem
1798 703 1807 713 .
1827 682 1926 714 ‘Pina-

181 726 308 762 cothecae
315 727 386 762 uero
397 738 436 761 ex
445 726 607 760 maioribus
616 724 722 759 debent
726 725 970 772 proportionibus
973 724 1052 766 fieri,
1064 738 1104 759 ex
1113 725 1280 773 duplicibus
1281 726 1408 769 scilicet,
1420 731 1460 766 ξφ
1468 724 1636 773 triplicibus
1644 750 1654 760 .
1681 729 1751 761 Oeci
1765 726 1925 774 tetrastyli,

184 775 383 821 coriitthij‚&
395 777 457 810 oeci
466 775 664 822 quialegiptz'j
673 775 810 808 dicuntur
819 796 829 811 ,
839 773 1036 808 tricliniorum
1041 776 1249 821 proportiones
1252 775 1376 817 seruant
1385 797 1394 813 ‚
1401 775 1454 818 sed
1462 776 1601 822 quoniam
1615 776 1644 808 in
1655 774 1725 820 ipsis
1733 775 1926 809 columiiaein-

182 833 380 871 serpo-fiuntur
389 845 400 861 ‚
409 824 473 858 ideo
481 825 594 857 maiora
595 822 694 868 spatia
705 832 849 871 occupare
858 821 965 858 debent
974 848 983 858 .
1008 824 1067 857 Sed
1075 824 1145 871 quid
1144 822 1189 867 sit
1196 825 1274 858 inter
1284 835 1371 858 oecos
1382 822 1549 859 corinthios
1558 845 1569 861 ‚
1580 828 1621 862 ό·
1629 825 1806 871 Aegyptios
1816 823 1926 868 discri-

184 875 271 906 minis
279 871 462 907 declaratur.

234 925 300 956 ΙΝτ
309 932 354 956 εκ
381 920 576 954 Corinthios
585 924 742 958 autem,&
755 921 937 969 Aegyptios
947 920 1011 955 hoc
1021 920 1080 955 erit
1091 918 1272 955 discrimen.
1283 921 1614 967 Corinthiifimplices
1622 920 1737 956 habent
1749 922 1932 960 columnas,

181 982 234 1006 aut
245 970 278 1003 iu
287 969 390 1015 podio
402 969 527 1016 politas»
539 981 594 1003 aut
605 971 637 1003 in
648 969 715 1003 imo
727 995 736 1008 ,
750 969 871 1017 suprac'fi
885 969 1001 1003 habent
1012 968 1150 1016 epistylia
1159 981 1296 1004 coronas
1305 996 1316 1010 ,
1327 981 1382 1004 aut
1391 983 1428 1004 ex
1438 969 1589 1005 intestino
1600 982 1699 1016 opere
1707 992 1718 1008 ,
1730 981 1786 1004 aut
1794 970 1930 1006 albario.

182 1030 331 1066 praeterea
341 1017 429 1063 supra
440 1030 576 1052 coronas
586 1030 681 1052 curua
692 1019 847 1052 lacunaria
857 1019 895 1052 ad
913 1019 1070 1052 circinum
1084 1018 1266 1053 delumbata
1275 1044 1284 1052 .
1313 1021 1351 1053 In
1360 1020 1532 1065 Aegyptijs
1543 1030 1650 1053 autern
1662 1016 1931 1066 supralcolumnas

182 1066 324 1113 epistylia
335 1089 345 1105 2
358 1071 390 1102 &
399 1067 438 1100 ab
448 1066 598 1112 epistyliis
608 1067 646 1100 ad
660 1067 793 1112 parietes
803 1089 812 1105 ‚
823 1067 959 1114 quisunt
969 1067 1264 1113 circa‚imponenda
1273 1067 1319 1101 est
1328 1069 1534 1114 contignatio
1544 1092 1553 1101 .
1581 1068 1679 1113 Supra
1687 1079 1756 1102 eam
1768 1068 1928 1106 coaxatio,

180 1120 214 1150 ἃ
225 1117 445 1163 pauimentum
457 1114 618 1154 subdimut
629 1116 664 1150 lit
674 1116 835 1150 circuitus.
846 1115 976 1150 Deinde
986 1114 1075 1162 supra
1087 1115 1266 1162 epistylium
1278 1116 1316 1150 ad
1328 1117 1592 1163 perpendiculum
1601 1114 1791 1150 inferiorum
1801 1117 1928 1151 colum-

181 1176 294 1199 narum
304 1164 507 1211 imponendae
527 1163 596 1198 sunt
613 1165 753 1198 minores
766 1176 874 1212 quarta
885 1175 973 1212 parte
993 1165 1067 1197 colu
1074 1170 1175 1198 rnnae'.
1203 1167 1303 1211 Supra
1322 1177 1429 1199 earum
1441 1164 1583 1211 epistylia
1592 1188 1601 1203 ,
1611 1168 1642 1199 δι’
1670 1176 1853 1199 ornamenta
1862 1186 1873 1203 ‚
1885 1168 1925 1199 la·

182 1214 318 1257 cunariJ's
329 1224 483 1246 ornantur
491 1235 501 1251 ,
511 1216 542 1247 δι
551 1213 634 1247 inter
644 1214 812 1247 columnas
822 1213 998 1259 superiores
1017 1211 1159 1247 fenestrae
1169 1214 1373 1248 collocantur
1382 1238 1392 1248 .
1420 1216 1467 1247 Ita
1476 1213 1674 1248 basilicarum
1684 1226 1718 1247 ea
1728 1212 1921 1251 similitudo,

183 1275 252 1296 non
264 1262 515 1296 Corinthiorum
527 1262 737 1295 tricliniorum
750 1261 878 1296 uidetur
888 1261 956 1296 effe⁴

235 1313 306 1346 Oeci
316 1310 459 1356 Corinthij
466 1310 624 1345 columam
633 1309 764 1345 habeant
770 1321 825 1357 pro
848 1312 865 1345 e*
871 1313 1001 1358 parietes
1012 1333 1022 1348 ,
1034 1317 1074 1351 &⁵
1079 1311 1238 1358 fimplices.
1247 1310 1304 1346 hoc
1313 1310 1351 1353 est
1357 1313 1442 1346 unius
1461 1313 1570 1346 ordinis
1578 1335 1587 1350 ,
1599 1310 1724 1359 mulitsq-
1732 1310 1808 1345 alias
1812 1311 1926 1357 fiiper-

184 1361 296 1409 pofitas
306 1357 533 1406 habebant‚quae
542 1358 679 1393 columna
688 1321 952 1406 autsiylob'atis,&
962 1364 1048 1406 podio
1056 1360 1284 1407 imponebantur
1292 1383 1303 1398 ‚
1313 1370 1367 1395 aut
1376 1363 1405 1394 in
1414 1362 1483 1398 imo,
1492 1360 1559 1402 idest
1561 1361 1624 1405 sine
1628 1362 1717 1408 podio
1727 1358 1828 1401 statim
1837 1372 1855 1393 a
1858 1359 1924 1402 solo

186 1407 423 1445 collocabantur-
448 1413 543 1454 Supra
556 1407 708 1442 columnas
718 1407 847 1455 epistylia
859 1417 944 1443 erant
952 1431 962 1446 ,
973 1410 1117 1457 coronaecss
1126 1432 1135 1447 ‚
1146 1422 1181 1443 ea
1189 1412 1305 1443 ratione
1313 1408 1403 1452 falla·
1411 1431 1420 1446 ‚
1432 1420 1494 1456 quie
1501 1412 1530 1443 in
1540 1412 1625 1443 curia
1639 1408 1708 1451 fieri
1724 1407 1829 1443 debere
1837 1410 1925 1443 dixi-

185 1470 256 1494 mus
264 1457 460 1494 “intestina
469 1455 519 1490 uel
526 1455 645 1490 albario
656 1465 755 1503 opere.
774 1462 871 1505 Supra
882 1469 1006 1491 coronas
1014 1469 1108 1492 curua
1122 1458 1278 1492 lacunaria
1288 1469 1345 1491 non
1352 1459 1392 1492 ad
1400 1458 1629 1501 semicirculum,
1632 1457 1683 1501 sed
1690 1458 1729 1491 ad
1737 1457 1839 1491 circuli
1844 1467 1926 1504 por—

184 1510 534 1542 tionemmosremenatos
541 1505 737 1552 appellamus,
756 1515 841 1539 erant
851 1508 926 1540 enim
936 1508 976 1541 ad
987 1508 1129 1540 circinum
1133 1507 1187 1550 sed
1195 1516 1295 1541 centro
1305 1506 1391 1552 longe
1399 1507 1527 1550 inferius
1535 1507 1678 1540 collocato
1687 1528 1697 1542 ,
1708 1505 1796 1552 qua‘m
1804 1506 1925 1541 dimidiu'

183 1555 384 1590 circinationis
398 1551 574 1601 poflulabat
585 1579 595 1588 .
622 1554 678 1587 Sed
687 1556 750 1588 oeci
758 1556 909 1602 Aegyptu
931 1564 1076 1602 parietem
1096 1554 1250 1590 habebant
1264 1557 1391 1593 circum,
1402 1557 1604 1594 &interiores
1612 1554 1794 1588 colummnas
1801 1567 1820 1588 a
1825 1556 1921 1601 pari-

183 1602 264 1638 tibus
272 1603 433 1637 dissi-intes.
458 1603 701 1649 quemadmodum
717 1604 746 1636 in
755 1601 894 1646 basilicas
910 1604 1036 1637 uidimus
1045 1628 1054 1638 .
1082 1610 1179 1650 Supra
1189 1603 1342 1638 columnas
1350 1613 1435 1637 erant
1444 1604 1581 1650 epistylia
1590 1625 1600 1640 ,
1612 1609 1651 1642 &-
1660 1614 1773 1637 coronat
1780 1601 1925 1650 ‚spatiaq‚·

183 1654 260 1687 inter
268 1650 420 1686 columnas
430 1675 439 1688 ‚
451 1656 491 1689 ἕρ*
497 1653 643 1697 parietem
661 1649 814 1686 habebant
823 1653 1071 1698 contignationem
1080 1653 1184 1699 ,fiipra
1193 1651 1373 1699 quamfialla
1383 1654 1530 1697 tignorum
1546 1661 1671 1685 textura
1678 1674 1688 1689 ‚
1693 1651 1809 1694 selliles
1816 1649 1926 1687 tabula

178 1698 396 1743 sternebantur.
408 1698 535 1746 clauisq,·
540 1697 767 1744 figebantur,&
777 1710 922 1747 tanquam
927 1701 1130 1747 pauimento-s
1122 1700 1162 1735 ub
1170 1703 1217 1736 dio
1220 1699 1369 1744 substrata
1378 1702 1556 1735 coaxatione
1563 1701 1613 1734 illa
1622 1702 1660 1733 ad
1670 1698 1925 1734 deambulationes

185 1751 297 1784 circum
307 1759 393 1781 oecos
402 1749 626 1781 accommodata
636 1757 703 1781 erat
710 1770 720 1785 ‚
743 1758 816 1795 upra
826 1749 961 1795 epistylia
978 1748 1056 1782 alius
1065 1749 1268 1784 columnarum
1277 1751 1359 1786 ordo,
1372 1752 1452 1783 inter
1461 1761 1536 1796 quas
1538 1747 1667 1792 fenestrae
1675 1747 1833 1792 bafilicaru
1843 1759 1926 1782 more

187 1795 410 1838 collocabantur
418 1819 428 1834 ‚
437 1798 512 1830 unde
519 1796 617 1829 lumen
627 1798 704 1830 oecis
712 1795 861 1830 ueniebat.
888 1799 1050 1831 Lacunaria
1062 1798 1131 1832 uero
1151 1822 1160 1834 ,
1172 1801 1311 1844 quoniam
1315 1798 1406 1844 supra
1415 1797 1542 1844 epistylia
1552 1803 1606 1836 ‚esf
1618 1809 1743 1831 coronas
1745 1797 1866 1840 fi’cundi
1875 1809 1924 1830 or-

187 1847 261 1880 dinis
270 1843 656 1891 ponebantur‚altitudinem
670 1846 776 1878 miram
789 1843 984 1892 praeferebant
994 1870 1003 1878 .
1029 1845 1106 1888 Vsus
1117 1856 1219 1880 autem
1226 1848 1266 1880 ad
1269 1847 1427 1892 spetianda
1438 1848 1574 1880 conuiuia
1585 1867 1596 1883 ,
1611 1852 1651 1884 αἱ)
1660 1845 1786 1880 choreas
1794 1868 1803 1882 ‚
1816 1845 1925 1892 altaq„

187 1906 250 1942 qux
257 1896 285 1927 in
295 1895 329 1937 ijs
338 1895 414 1927 oecis
417 1892 544 1935 fiebant,
554 1904 678 1937 magnus
686 1902 760 1930 erat,
770 1896 813 1927 ita
827 1902 860 1927 ut
869 1893 1063 1928 tricliniorum
1064 1895 1202 1942 speciem,
1215 1901 1255 1936 ξφ
1266 1897 1438 1941 dignitatem
1451 1896 1681 1934 excederem&
1691 1893 1818 1940 basilicis
1822 1896 1926 1944 potius

187 1942 235 1988 eff
227 1951 276 1977 ent
272 1941 399 1990 fimiles,
409 1942 497 1990 quem
500 1944 691 1993 priuatorum
699 1941 817 1980 adibus.

346 2064 432 2115 De
448 2064 584 2116 Oecis
599 2081 726 2116 more
739 2064 900 2118 Graco.
1451 2069 1560 2141 Cap.
1639 2066 1690 2120 V
1697 2068 1732 2119 l.

363 2214 367 2235 :
394 2194 479 2228 Ινκτ
508 2205 614 2228 autern
625 2193 729 2228 'etiarn
740 2206 805 2228 non
816 2195 933 2228 Italicae
943 2193 1181 2230 consuetudinis
1191 2194 1274 2234 oeci,
1286 2206 1369 2242 quos
1379 2194 1488 2229 Graeci
1499 2194 1656 2241 cyzicinus
1672 2194 1843 2242 appellant.
1880 2195 1927 2229 Hi

303 2266 304 2273 ,
356 2238 368 2256 ³⁷
417 2244 618 2277 collocantur
629 2243 802 2288 specstantes
810 2243 848 2277 ad
859 2242 1117 2290 septentrionem,
1128 2248 1159 2279 δι
1171 2245 1307 2277 maxime
1318 2244 1428 2277 uiridia
1438 2241 1822 2291 prospicientes,vnluast'];
1832 2242 1927 2276 habet

206 2332 213 2334 ‚
236 2333 238 2336 Α
417 2291 450 2324 in
462 2292 570 2326 medio
579 2316 588 2324 .
617 2291 677 2336 Ipsi
689 2302 794 2325 autem
805 2291 864 2326 {int
876 2293 919 2326 ita
929 2294 1017 2339 longi
1030 2317 1039 2332 ,
1050 2298 1079 2327 ὃ(
1090 2295 1156 2331 lati,
1170 2293 1216 2326 uti
1228 2292 1295 2326 duo
1306 2292 1440 2326 triclinia
1450 2317 1459 2332 ,
1469 2305 1543 2326 cum
1553 2291 1797 2327 circuitionibus
1807 2293 1888 2324 inter
1897 2291 1926 2326 se

208 2337 317 2371 ’ζα-ι..
360 2368 366 2371 .
418 2338 587 2385 spectantia
605 2339 724 2387 possint
735 2340 792 2373 efle
802 2341 970 2375 collocata.
979 2341 1152 2388 habeam„
1162 2341 1276 2375 dextra
1285 2362 1294 2378 ‚
1303 2353 1338 2374 ac
1349 2339 1466 2374 sinistra
1476 2342 1595 2375 lumina
1605 2339 1809 2374 fenestrarum
1822 2342 1928 2373 ualua-

193 2398 226 2421 ta
234 2414 242 2427 ,
252 2399 297 2421 uti
308 2387 421 2421 uiridia
433 2389 472 2421 de
491 2389 580 2422 testis
591 2401 647 2435 per
665 2387 756 2435 spatia
776 2387 981 2423 fenestrarum
1000 2388 1234 2436 prospiciantur
1245 2414 1254 2427 ,
1264 2389 1446 2423 altitudines
1464 2401 1577 2424 eorum
1601 2389 1731 2424 dimidia
1751 2387 1927 2423 latitudinis

191 2435 299 2470 addita
309 2435 560 2470 constituantur.
586 2441 623 2471 ln
633 2437 680 2471 his
690 2435 899 2471 aedificiorum
911 2438 1080 2484 generibus
1090 2450 1202 2472 omnes
1213 2436 1284 2472 sunt
1294 2438 1438 2483 faciende
1448 2450 1553 2471 carum
1567 2437 1816 2485 symmetriarum
1829 2438 1926 2470 ratio-

191 2496 260 2522 nes,
270 2496 339 2529 quae
350 2483 413 2518 fine
421 2484 634 2530 impeditione
643 2487 706 2519 loci
717 2485 782 2519 fieri
796 2497 947 2531 poterunt
956 2511 966 2521 .
996 2487 1166 2534 Luminaq;
1178 2487 1332 2534 parietum
1350 2487 1574 2521 altitudinibus
1595 2486 1616 2520 fi
1632 2499 1697 2519 non
1709 2483 1926 2519 obscurabun-

193 2543 256 2572 tur,
269 2532 402 2567 faciliter
416 2545 506 2567 erunt
516 2535 681 2579 explicata,
698 2533 741 2567 fin
750 2546 857 2568 autem
867 2534 1080 2582 impedientur
1089 2535 1128 2568 ab
1138 2533 1292 2582 angustijs
1307 2560 1316 2573 ,
1330 2546 1383 2568 aut
1400 2537 1466 2579 alijs
1486 2534 1721 2569 necessitatibus
1732 2559 1741 2570 ,
1756 2545 1825 2566 tum
1843 2545 1926 2578 opus

194 2581 254 2615 erit
265 2593 300 2615 ut
311 2582 490 2628 ingenim&
503 2583 649 2616 acumine
659 2583 699 2615 de
708 2581 893 2628 symmetrijs
910 2583 1134 2622 detraetiones‚
1148 2595 1204 2618 aut
1213 2584 1407 2620 adieffiones
1426 2582 1504 2618 fiant
1515 2605 1526 2621 ‚
1538 2595 1572 2617 ut
1582 2595 1649 2617 non
1668 2581 1833 2616 dissimiles
1843 2583 1926 2615 ueris

193 2628 380 2675 symmetrijs
391 2630 593 2676 perficiantur
602 2631 791 2664 uenustates.

242 2684 337 2713 oecos
347 2691 485 2713 uocarem
497 2691 604 2725 magna
612 2678 798 2719 tricliniffi&
804 2678 935 2714 triclinia
941 2690 1054 2728 paruos
1063 2693 1160 2719 oecos,
1173 2682 1223 2716 illa
1229 2679 1371 2727 priuattc,
1381 2681 1434 2714 hos
1441 2679 1570 2728 publicis
1578 2679 1704 2725 adificijs
1712 2680 1860 2713 dedicatos
1868 2700 1878 2715 ‚
1887 2678 1925 2712 εὗ

193 2726 264 2761 uero
275 2727 424 2770 discrimen
430 2727 559 2774 poluerit
567 2730 651 2763 Vitr.
661 2729 737 2761 inter
747 2727 912 2763 Corinthios
933 2741 1035 2767 oecos,
1045 2736 1087 2770 (ἢ)
1105 2731 1296 2777 Aegyptios,
1305 2731 1389 2776 ponit
1405 2729 1637 2772 consuetudinem
1655 2739 1821 2766 Graecorum
1835 2729 1863 2760 in
1880 2726 1927 2759 his

198 2777 277 2809 oecis
285 2776 497 2810 construendis.
507 2779 686 2824 ,Qtanquam
694 2787 765 2811 uero
782 2778 900 2810 uidetur
913 2778 1080 2812 Corinthios
1089 2773 1298 2813 oecos'Graecos
1307 2776 1371 2821 effe,
1383 2784 1424 2817 &
1432 2779 1603 2824 Aegyptios
1618 2789 1636 2810 a
1647 2778 1753 2811 Grecis
1759 2776 1928 2822 usin-patos,

194 2829 238 2863 εἰ)
256 2823 395 2871 utrosque
402 2822 443 2857 ab
452 2824 540 2859 Italis
552 2828 643 2859 etiam
644 2825 778 2872 sumptos
787 2840 798 2859 .·
809 2823 943 2859 arbitror
952 2835 1053 2860 tamen
1063 2838 1117 2872 ego
1132 2838 1217 2860 oecos
1225 2838 1275 2860 eos
1283 2848 1292 2862 ,
1303 2828 1337 2859 de
1345 2825 1452 2871 quibus
1466 2822 1551 2860 modo
1566 2827 1676 2870 agitur,
1689 2830 1792 2858 Graca
1807 2832 1926 2858 tantum

193 2872 417 2914 consuetudinis,
428 2877 469 2910 (ᾖν
478 2884 536 2905 non
546 2875 656 2908 Italica
663 2873 845 2918 extitiffe,&
854 2886 873 2906 a
881 2873 1068 2918 Milefiorum
1077 2876 1182 2921 oppido
1193 2877 1221 2908 in
1230 2876 1413 2921 Propontide
1421 2876 1534 2920 Cyzico
1543 2875 1708 2907 nominatos
1711 2872 1810 2917 futffe,
1816 2874 1856 2906 ad
1857 2872 1927 2919 sep-

195 2922 372 2954 tentrionem
383 2919 459 2962 uersi
466 2922 606 2955 uiridaria
613 2921 836 2969 prospiciebant,
847 2923 876 2954 in
886 2924 980 2956 medio
987 2922 1098 2956 ualuas
1109 2921 1262 2957 habebant
1272 2944 1281 2958 ,
1291 2924 1348 2956 duo
1366 2921 1496 2956 triclinia
1512 2920 1702 2956 continebant
1711 2943 1720 2958 ,
1731 2927 1771 2960 ψ
1781 2919 1927 2954 ambula-

197 2970 293 3002 tiones
299 2971 411 3002 circum
422 2967 552 3003 triclinia
561 2991 572 3007 ‚
581 2982 642 3017 quae
646 2970 706 3014 fibi
715 2970 848 3018 opposita
857 2975 997 3009 erana&
1003 2969 1043 3004 ab
1053 2982 1154 3004 eorum
1163 2971 1248 3005 lellis
1252 2980 1307 3017 per
1310 2969 1539 3017 fenestraa‚qua
1547 2972 1656 3004 dextra
1665 2992 1674 3007 ‚
1686 2976 1726 3009 0⁵
1736 2969 1857 3014 sinistra
1870 2967 1926 3000 lu-

197 3028 263 3050 men
271 3016 484 3053 immittebanz‘·‚
497 3016 562 3051 loca
571 3017 748 3053 uidebantur
758 3017 920 3053 uirentibus
937 3016 1096 3052 arboribus
1107 3019 1229 3062 consita,
1236 3018 1410 3066 platanones
1418 3041 1427 3055 ‚
1438 3021 1625 3064 pomarum&
1643 3018 1732 3056 horti,
1745 3015 1927 3062 eorumfirrn-

123 3067 167 3098 ⁶³0
197 3067 307 3101 metria
314 3065 496 3113 apertesaetts
503 3068 613 3100 aVitr.
620 3075 782 3115 ponuntur,
791 3079 860 3104 cum
870 3066 1012 3114 dispofitio
1020 3065 1115 3102 libera
1131 3067 1314 3116 est.alioquin
1322 3069 1491 3112 necessitate
1499 3076 1620 3114 cogente
1628 3069 1740 3112 ingenio
1757 3072 1798 3106 &
1805 3066 1927 3099 acumi-

1557 3122 1584 3151 T
1634 3126 1649 3160 3
1849 3114 1927 3147 nede
