2195 3313
24 1065 70 1089 20

26 1546 72 1581 30

33 2520 82 2554 50

37 3001 84 3048 §o

721 71 1298 115 SE‘CVRDVS.
1793 79 1853 120 53-

111 167 114 169 ·
153 153 182 185 1>
192 161 212 183 n
239 144 384 181 lateribus
391 144 476 180 nobis
481 147 611 194 primum
619 145 765 190 agendum
774 144 812 185 esi
823 168 832 178 .
858 145 993 179 Ducendi
993 143 1065 186 sunt
1074 155 1114 178 ex
1129 152 1211 178 terra
1219 143 1366 178 albicanti
1373 168 1382 184 ,
1393 144 1518 188 cretosa,
1520 144 1586 188 siue
1594 146 1630 179 de
1639 144 1763 181 rubrica
1772 170 1783 185 ,
1793 161 1834 182 au

100 202 194 235 etiam
201 193 488 238 masbulojabulone.
498 192 644 235 abstineas
650 191 690 227 ab
700 195 779 227 omni
781 204 894 238 genere
895 191 1032 235 sabuloso
1039 213 1048 228 ›
1057 192 1176 235 arenofiz
1186 215 1196 230 ‚
1208 198 1249 231 (φ
1255 191 1404 236 calculofi)
1412 215 1422 230 ‚
1434 195 1504 240 quia
1513 193 1674 236 huiusmodi
1682 205 1740 228 non
1751 196 1844 230 coha-

98 245 265 291 rescuntfit
272 255 342 277 uero
351 241 642 287 domabilisArgillae
648 243 747 276 modo.
765 242 824 276 Hic
833 243 940 274 mirum
949 242 1028 287 quod
1033 246 1064 274 V
1064 242 1115 275 itr.
1123 239 1470 283 Mastulumfizbulonem
1481 242 1604 284 asciscat
1612 244 1641 276 in
1650 242 1780 277 laterum
1789 246 1844 278 du-

95 297 159 332 bia,
171 304 238 328 cum
243 291 336 339 paulo
348 301 420 325 ante
425 303 522 337 genus
530 301 613 324 omne
619 302 722 328 arenae,
732 288 897 329 calcum&
899 287 1053 332 sabulonis
1060 287 1205 333 abegerit.
1215 300 1308 335 quare
1318 291 1500 335 quarendum
1510 289 1547 330 esl
1555 292 1627 336 quid
1629 289 1673 334 fit
1675 290 1784 332 sabulo
1793 303 1844 327 ma

91 342 203 386 sudus,
212 352 279 375 cum
287 342 376 374 etiam
379 339 512 382 fhlutum
513 337 687 382 sabulonem
694 341 725 372 in
734 339 840 372 offano
849 337 1034 384 uficrpauerit
1043 346 1111 383 cap.
1127 339 1225 382 primo
1235 360 1245 370 .
1270 339 1398 371 Videtur
1407 349 1475 382 ergo
1493 338 1660 373 ‘Philandro
1672 351 1769 385 genus
1776 351 1842 375 ma-

94 393 176 426 teriae
181 389 340 433 fhlidioris,
349 387 482 436 qua‘msit
490 396 581 422 terra.
593 389 649 421 Sed
656 399 724 422 cum
727 386 819 433 fiipra
828 388 908 420 dicat
910 384 1056 429 sabulone
1062 384 1202 427 mafrido,
1213 384 1281 426 idest
1283 383 1404 427 scabro,
1414 386 1523 431 aspero,
1536 387 1842 432 minusflauofitbfu-

94 439 141 481 sco
152 455 163 480 ‚-
174 450 231 472 non
241 440 325 472 uideo
338 449 396 484 qua
406 439 521 471 ratione
529 434 567 470 ob
576 436 762 482 asperitatem
769 434 882 468 lateres
892 447 932 469 ex
939 446 972 468 eo
981 435 1132 467 commode
1134 433 1223 474 fiant,
1234 444 1360 480 namque
1369 434 1508 480 asperitas
1512 436 1683 481 pinguedini
1690 439 1844 471 contraria

96 486 133 529 eft
143 510 152 525 ,
166 489 306 523 materies
313 494 414 519 autem
425 496 464 519 ex
473 497 533 532 qua
540 486 663 519 ducendi
663 484 734 528 sum
742 483 862 520 lateres,
871 485 997 530 pinguis,
1010 487 1051 521 &⁶
1059 484 1171 516 tenacis
1179 490 1291 515 naturae
1299 481 1353 524 effe
1361 480 1467 516 debere
1479 483 1554 515 idem
1562 482 1757 527 affirmat,sic
1767 488 1844 519 enim

96 536 232 571 leuitatis
238 532 329 569 uerbo
330 532 492 579 significari
499 535 587 570 dixit,
597 534 676 580 quod
693 538 733 572 θ’
741 543 844 567 uerum
853 532 908 576 esse
927 533 1001 566 duco
1009 553 1020 568 ‚
1032 535 1074 570 &⁹
1083 530 1152 564 illud
1158 540 1276 576 quoque
1286 528 1461 572 fizbulonem
1479 530 1640 573 masculum
1656 531 1710 574 effe
1719 532 1845 574 solidum

98 582 246 632 quoddam
252 591 436 627 terraegenus
445 580 581 616 arbitror
589 603 598 618 ‚
603 580 656 623 sed
663 593 721 615 non
730 582 860 628 asperum
870 605 878 614 .
889 581 966 614 unde
973 578 1091 613 Plinius
1099 577 1176 612 libro
1183 577 1434 626 tri'gefimoquinto
1444 587 1512 624 cap.
1531 579 1751 623 quartodecimo
1754 581 1846 623 sentit

96 645 165 668 cum
175 637 205 667 V
207 634 260 666 itr.
270 642 326 665 non
335 630 388 674 effe
401 629 511 668 lateres
519 642 559 664 ex
560 628 667 673 fizbulo
670 629 834 675 fingendus,
837 629 891 672 sed
899 630 994 676 inquit
1003 650 1013 665 ,
1024 627 1074 661 uel
1073 627 1103 671 fi
1110 629 1170 661 iam
1186 638 1226 660 ex
1227 624 1336 669 sabulo
1349 648 1360 663 ,
1370 637 1410 660 ex
1426 626 1554 670 masculo
1572 636 1652 661 certe
1662 651 1671 660 .
1692 630 1846 673 namforte

98 680 206 716 melior
214 678 252 722 est
259 702 270 719 ‚
281 688 336 714 aut
343 680 438 714 minus
449 677 562 712 malus.
589 679 660 713 Vidi
670 691 722 725 ego
726 677 854 721 solidum
854 676 1028 721 fizbulonem
1036 688 1076 710 ex
1085 674 1275 719 ‘Plauifluuio
1284 685 1340 708 non
1347 674 1477 722 asperum
1484 675 1551 717 ‚sed
1562 677 1701 722 pinguem
1720 680 1846 713 rotunda

96 730 209 774 forma,
220 740 242 762 a
250 739 310 776 qua
311 728 394 771 forte
402 749 412 764 ,
423 736 457 761 ut
465 726 594 770 mascula
605 726 702 770 thura
710 729 848 761 dicuntur
857 749 868 765 ‚
876 725 923 770 fic
931 724 1079 768 masculus
1085 725 1228 772 appellari
1230 725 1331 770 potuit
1340 745 1350 760 ‚
1362 722 1445 766 testes
1453 725 1528 757 enim
1537 725 1720 759 rotunditate
1731 726 1823 768 refert
1834 752 1844 761 .

100 777 154 822 effi’
164 786 265 811 autem
273 787 394 811 arenam
402 777 601 821 magnitudine
609 775 750 821 infignem
758 784 904 809 memorat
914 773 997 809 Plin.
1008 772 1083 818 lib.3
1092 777 1124 806 6.
1134 782 1201 820 cap.
1215 783 1226 804 1
1238 783 1252 804 2
1258 796 1267 805 .
1277 776 1388 807 Arena
1398 771 1461 806 late
1465 776 1544 820 pura
1561 773 1847 817 circundantisfimi-

100 826 244 862 litudine,
254 823 352 872 qualis
360 826 388 858 in
397 826 502 858 maiori
518 833 605 871 parte
614 825 742 871 Afflicae
751 849 760 858 .
786 825 933 870 Qoniam
942 834 1014 856 uero
1021 834 1071 856 ars
1081 824 1217 855 imitatur
1226 829 1377 858 naturam,
1387 820 1484 855 dicam
1500 833 1553 867 ego
1569 821 1708 855 nonnulla
1724 823 1760 856 de
1768 822 1846 869 lapi—

100 875 169 909 dum
181 882 248 907 ortu
256 895 267 911 ‚
279 882 314 907 ut
323 875 351 906 in
359 871 486 907 laterum
495 873 630 907 dunione
641 895 652 910 ,
663 874 734 920 quid
741 882 850 907 natura
867 870 979 919 prastet
987 870 1141 914 obseruare
1145 871 1287 916 poss'imus
1298 868 1376 912 .fiue
1386 871 1421 903 de
1429 868 1553 904 rubrica
1562 894 1571 903 .
1582 870 1683 910 Quam
1690 869 1789 904 colore
1797 873 1847 905 de-

103 921 245 970 prehendi
251 921 369 956 Plinius
377 923 448 956 dicit
461 947 470 954 .
495 921 683 965 Albertusfi’
691 920 924 965 animaduertiffie
934 931 973 953 ex
979 929 1113 953 ueterum
1121 918 1246 963 adificiq's
1253 919 1282 950 in
1291 916 1436 951 lateribus
1445 920 1574 952 mixtam
1582 917 1638 962 effe
1671 927 1766 953 artem
1774 931 1848 953 non-

105 971 213 1004 nullam
220 981 314 1004 arena·
319 969 479 1017 praefirtim
491 969 598 1007 rubra,
609 975 649 1009 (y
659 969 864 1009 rubricam&
874 979 1004 1003 marmor
1011 967 1162 1010 immisceri
1168 965 1317 1010 affueuzffi’
1326 978 1334 999 .-
1344 966 1602 1014 Expertumquese
1611 977 1626 1000 e
1649 968 1778 1003 eumdem
1787 980 1848 1002 una

102 1031 142 1053 ex
153 1027 235 1052 terra
246 1018 354 1052 lateres
364 1019 448 1053 reddi
455 1017 550 1052 multo
555 1018 705 1060 firmiores
712 1040 722 1056 ‚
726 1018 754 1063 fi
763 1018 858 1052 ueluti
873 1027 965 1064 panes
973 1016 1134 1060 confeffuri
1141 1037 1151 1052 ,
1160 1013 1283 1058 maffizm
1288 1014 1372 1060 prius
1389 1014 1472 1060 quafi
1480 1015 1778 1058 fermentauerimus,
1796 1018 1849 1050 de..

105 1078 186 1101 mum
195 1069 219 1101 it
225 1078 319 1104 erum,
329 1076 420 1114 atque
428 1069 535 1102 iterum
537 1065 693 1110 fitbabiam
702 1068 912 1102 reddiderimus
919 1088 929 1104 ,
939 1073 973 1099 ut
975 1064 1019 1109 fit
1026 1064 1185 1098 admodum
1194 1074 1284 1097 caerea
1293 1083 1302 1098 ‚
1313 1066 1354 1100 (ξφ
1362 1062 1495 1096 omnibus
1503 1064 1591 1097 etiam
1599 1064 1720 1097 minutis
1726 1063 1849 1099 calculis

103 1125 291 1163 perpurgata
303 1138 313 1153 ,
327 1114 477 1157 durescere
495 1117 612 1162 quidem
625 1117 740 1150 cutiam
749 1138 760 1154 ,
771 1124 805 1149 ut
813 1114 907 1149 multo
917 1116 983 1160 igne
991 1115 1020 1147 in
1023 1112 1152 1157 filiciam
1161 1113 1296 1146 duritiem
1314 1119 1453 1144 uertatur
1461 1135 1470 1144 .
1505 1110 1678 1153 Huiusmodi
1686 1114 1777 1146 etiam
1785 1121 1847 1147 ter-

104 1175 169 1198 ram
182 1175 294 1198 onmem
307 1165 346 1198 ad
350 1162 501 1210 plasticem
510 1163 565 1208 effe
573 1163 677 1199 debere
685 1186 694 1202 ‚
708 1169 748 1203 &⁰
756 1166 833 1198 inter
842 1165 976 1208 egregias
979 1159 1106 1210 probari
1113 1160 1424 1198 Samiam,.Aretinam
1431 1181 1442 1197 ‚
1452 1164 1492 1198 (9-
1500 1158 1848 1206 Mutinensemssagunti-

99 1224 170 1246 nam
185 1214 213 1245 in
224 1213 373 1258 Hispania,
384 1219 600 1258 'Pergamenum
612 1215 641 1246 in
648 1212 741 1257 Asia,
751 1219 798 1247 Ex
808 1211 910 1247 'Plinio
919 1212 1007 1246 dixit.

149 1261 185 1294 D
200 1274 216 1293 v
229 1272 249 1294 c
265 1273 282 1294 E
296 1273 318 1294 N
331 1272 354 1293 D
374 1272 386 1294 1
416 1272 522 1294 autem
533 1260 602 1295 sunt
612 1273 667 1307 per
677 1273 811 1295 uernum
822 1271 947 1306 tempus
957 1284 966 1298 ,
977 1263 1010 1293 &
1023 1258 1222 1296 autumnale,
1233 1268 1269 1292 ut
1278 1270 1345 1292 uno
1355 1268 1467 1291 tenore
1484 1253 1653 1291 ficcescant
1663 1281 1672 1290 .
1691 1256 1745 1302 qui
1755 1258 1841 1292 enim

102 1322 158 1357 per
169 1307 337 1342 solstitium
349 1320 498 1355 parantur
507 1331 518 1347 ‚
530 1310 605 1344 ideo
613 1309 718 1344 uitiosi
729 1307 800 1343 sunt
810 1331 820 1346 ,
831 1308 922 1355 quod
932 1307 1054 1341 summu
1076 1308 1167 1340 corifi
1185 1304 1230 1340 sol
1240 1307 1352 1340 acriter
1363 1309 1402 1340 εὖ
1412 1305 1583 1352 percoquit
1592 1326 1603 1341 ‚
1621 1303 1724 1339 efficit
1734 1327 1745 1342 ,
1756 1315 1791 1338 ut
1800 1307 1848 1339 ui-

101 1360 237 1393 deantur
245 1357 322 1392 aridi
334 1381 344 1396 ,
355 1358 487 1391 interius
497 1369 602 1392 autem
613 1358 671 1392 sint
680 1371 748 1393 non
759 1358 828 1392 sicci
838 1379 849 1395 ‚
872 1361 904 1392 &
924 1368 998 1391 cum
1010 1354 1118 1403 postea
1128 1353 1324 1390 siccescendo
1333 1354 1362 1389 se
1372 1354 1580 1391 contrahunt,
1592 1365 1803 1400 perrumpunt
1814 1365 1850 1388 ea

104 1419 175 1453 quae
186 1418 272 1440 erant
285 1406 384 1446 arida,
395 1406 438 1440 ita
448 1406 557 1440 rimosi
567 1405 643 1441 faeti
652 1406 840 1442 efficiuntur
850 1405 1002 1440 imbecilli
1014 1430 1023 1439 .
1044 1405 1187 1439 Maxime
1196 1414 1302 1437 autem
1314 1403 1456 1437 utiliores
1468 1413 1562 1436 erunt
1571 1401 1590 1435 fi
1600 1412 1672 1436 ante
1681 1401 1848 1436 biennium

107 1455 224 1489 fuerint
235 1455 336 1493 duffi,
345 1467 483 1502 namque
493 1468 562 1489 non
575 1466 648 1490 ante
659 1455 786 1503 possunt
797 1455 922 1502 penitus
932 1452 1106 1489 ficcescere‚
1117 1453 1224 1500 itaque
1233 1465 1306 1486 cum
1318 1454 1507 1488 recentes,&
1517 1463 1586 1484 non
1597 1449 1756 1488 aridi-sunt
1768 1449 1850 1485 stru·

101 1504 149 1538 ἂὶ
162 1503 303 1537 ῑεᾶοῐίο
314 1503 631 1551 induflo,rigideque
643 1503 828 1539 obsolidato
839 1502 1113 1551 permanente‚ipsi
1123 1501 1257 1535 fidentes
1268 1513 1335 1535 non
1345 1498 1472 1546 possunt
1483 1498 1615 1532 eandem
1626 1498 1826 1533 altitudinem
1837 1523 1850 1539 ,

102 1565 167 1598 qua
179 1550 224 1585 est
235 1551 421 1591 teetorium,
434 1563 554 1592 tenere,
567 1553 850 1600 commotionique
860 1552 942 1586 moti
953 1563 1023 1585 non
1033 1550 1152 1585 haerent
1163 1562 1238 1584 cum
1249 1562 1290 1584 eo
1299 1575 1308 1584 .
1327 1548 1388 1582 Sed
1397 1561 1412 1581 a
1423 1547 1653 1581 coniunftione
1661 1559 1736 1582 cum
1746 1559 1786 1581 eo
1797 1547 1850 1582 di-

102 1600 283 1645 sparantut.
310 1601 417 1648 Igitur
431 1600 564 1635 testona
576 1614 593 1635 a
602 1601 757 1637 structura
768 1600 905 1636 seiunCta
915 1611 1047 1647 propter
1056 1599 1244 1634 tenuitatem
1257 1610 1312 1645 per
1321 1597 1349 1631 se
1359 1595 1437 1630 stare
1448 1607 1515 1629 non
1525 1594 1653 1641 possunt
1665 1619 1678 1634 ,
1693 1593 1745 1629 sed
1762 1594 1850 1630 fran-

103 1661 244 1696 guntur:
253 1648 372 1696 ipsique
381 1649 514 1696 parietes
526 1648 668 1684 fortuito
679 1650 814 1685 sidentes
823 1650 975 1684 uitiantur
984 1672 994 1682 .
1024 1646 1170 1694 Ideoque
1179 1648 1272 1681 etiam
1283 1643 1443 1679 Vticenses
1454 1668 1466 1683 ‚
1483 1644 1580 1678 latere
1590 1642 1612 1677 si
1633 1642 1671 1677 fit
1679 1643 1784 1678 aridus
1793 1666 1803 1681 ‚
1814 1648 1848 1679 &

103 1708 176 1732 ante
183 1698 441 1744 quinquennium
452 1698 566 1732 duetus
575 1723 588 1739 ,
607 1711 681 1734 cum
691 1699 824 1734 arbitrio
835 1696 1034 1746 magistratus
1043 1695 1190 1733 fueritita
1203 1694 1357 1745 probatus
1367 1715 1377 1733 ‚
1399 1704 1475 1728 tunc
1494 1702 1628 1727 utuntur
1637 1692 1672 1726 in
1688 1693 1847 1740 parietum

102 1744 268 1780 strueturis
283 1771 292 1781 .
890 1748 894 1750 ’

156 1801 185 1828 D
199 1805 219 1827 ε
242 1803 379 1842 tempore
386 1807 444 1842 quo
454 1797 473 1830 d
477 1795 580 1828 ucendi
580 1793 651 1837 fiant
658 1795 770 1828 lateres
777 1806 855 1828 nunc
863 1795 1029 1840 agit‚quam
1036 1795 1180 1831 rationem
1190 1801 1224 1827 ut
1233 1792 1339 1828 exalie
1348 1791 1555 1837 cognosbamus
1560 1812 1571 1829 ,
1585 1790 1620 1825 de
1635 1788 1764 1824 laterum
1771 1802 1848 1839 qua—

107 1841 197 1876 litate
208 1841 319 1889 aliquid
331 1844 460 1876 dicemus
471 1867 480 1876 .
507 1847 646 1876 Laterum
653 1842 707 1888 aiij
716 1844 793 1876 coeii
801 1864 810 1879 ‚
823 1854 863 1875 ex
873 1839 981 1889 quibus
988 1844 1040 1889 qui
1042 1840 1198 1883 struuntur
1201 1844 1344 1890 parietes,
1354 1841 1478 1874 testacei
1484 1842 1683 1876 nominantur,
1691 1839 1744 1885 aliq¹
1752 1841 1847 1876 crudi,

112 1891 190 1926 unde
196 1888 324 1936 lateritij
326 1893 459 1938 parietes
469 1902 508 1924 ex
518 1890 564 1924 his
572 1891 710 1925 dicuntur
718 1915 728 1923 .
754 1897 925 1936 Vtrumque
930 1901 1024 1935 genus
1030 1888 1157 1931 crustam
1160 1891 1241 1934 facit
1248 1911 1259 1928 ‚
1270 1888 1413 1935 tanqua'm
1415 1889 1504 1934 panis
1512 1913 1521 1922 .
1531 1885 1648 1921 iuuabit
1663 1898 1731 1932 ergo
1748 1897 1850 1921 tenues

108 1936 215 1982 fizcere
222 1959 234 1974 ,
244 1950 301 1984 quo
308 1937 379 1985 plus
387 1937 553 1983 crustaefiat
561 1961 571 1976 ,
581 1939 708 1973 medulla
723 1940 820 1972 minus
831 1964 839 1972 .
864 1936 1020 1974 ,Albertus
1036 1940 1131 1980 inquit
1139 1960 1149 1974 ‚
1159 1939 1237 1976 &in
1252 1937 1299 1971 his
1308 1937 1437 1983 experiri
1444 1935 1514 1970 licet
1523 1959 1533 1974 ‚
1537 1935 1566 1980 si
1574 1935 1653 1979 tersi,
1663 1935 1850 1983 &perpoliti

121 1984 290 2027 astruantur
298 2008 308 2023 ,
319 1985 470 2021 durabunt
478 1986 554 2030 illafi
563 1996 666 2021 contra
675 1986 867 2034 tempestates,
877 1987 956 2033 quod
962 1988 1009 2020 cui
1017 1989 1063 2020 ius
1069 1985 1199 2033 lapidum
1213 1996 1295 2032 ,equa
1302 1986 1413 2019 accidit
1421 2006 1431 2022 ‚
1441 1993 1475 2018 ut
1484 1985 1555 2028 terfi
1558 1982 1702 2027 scabritie
1710 1995 1767 2017 non
1777 1995 1849 2017 exe-

113 2035 238 2070 dantur.
264 2035 371 2068 Tefias
380 2043 480 2069 autem
491 2036 520 2068 id
528 2033 566 2077 eft
575 2034 696 2073 lateres,
707 2047 758 2083 qut
766 2034 923 2079 ignefiunt,
933 2036 1091 2080 tergendas
1093 2043 1251 2081 putant,ut
1259 2043 1352 2080 nuper
1360 2041 1515 2078 exemptas
1524 2044 1539 2066 e
1541 2033 1677 2076 fornace,
1686 2040 1850 2079 antequam

117 2083 360 2120 commaduert'nt,
371 2091 427 2116 aut
429 2083 458 2128 fi
466 2083 755 2131 madent,antequa¹m
758 2082 1001 2127 ficcescant,nam
1002 2081 1094 2126 semel
1099 2083 1218 2117 madida
1224 2104 1235 2120 ,
1246 2087 1286 2121 ξφ
1294 2081 1392 2124 rurfiis
1399 2080 1550 2125 exsiccata
1559 2079 1683 2122 durefiit
1691 2078 1848 2122 testa,adeo

110 2140 145 2166 ut
153 2131 228 2174 ferri
236 2132 332 2165 aciem
339 2130 472 2169 deliniet,
479 2141 570 2179 atque
578 2132 739 2175 confimat.
753 2134 810 2167 Sed
818 2144 871 2166 nos
879 2133 1064 2166 commodius
1071 2132 1207 2177 proxime
1214 2131 1345 2167 duft'am,
1355 2135 1396 2168 (5-
1404 2128 1502 2163 adhuc
1513 2137 1646 2163 urentem
1654 2129 1795 2162 radimus.
1806 2127 1848 2163 Il-

112 2179 246 2213 linuntur
253 2181 346 2213 etiam
351 2182 430 2214 uitro
441 2179 589 2224 refice-fied
597 2192 650 2214 nos
657 2183 696 2215 ad
702 2193 764 2215 rem
773 2205 782 2214 .
811 2186 931 2215 Lateres
943 2192 999 2215 non
1005 2179 1104 2221 liatim
1112 2181 1236 2214 ducendi
1245 2187 1384 2220 exempta
1392 2187 1484 2214 terra,
1489 2177 1542 2220 sed
1544 2178 1612 2222 fodi
1619 2188 1685 2211 eam
1694 2185 1848 2214 autumno,

113 2232 155 2267 (y
164 2226 338 2276 totahyeme
347 2231 569 2266 commacerari,
579 2235 618 2269 (φ
628 2241 717 2263 uerno
727 2239 856 2276 tempore
865 2228 966 2264 iubent
976 2230 1054 2263 duci.
1063 2230 1153 2272 &itio
1160 2240 1178 2261 a
1188 2233 1218 2262 V
1219 2230 1270 2262 itr.
1273 2226 1410 2269 fitmitur.
1423 2224 1496 2271 gelu
1506 2228 1582 2261 enim
1595 2224 1695 2269 rimofi
1697 2224 1777 2267 fiunt
1787 2247 1797 2263 ,
1807 2230 1849 2264 &-

118 2274 182 2318 aeftu
186 2275 340 2319 finduntur
348 2299 358 2314 ,
370 2283 411 2317 ύ-
422 2286 653 2325 contorquentur
662 2303 671 2312 .
683 2278 821 2322 nififorte
828 2278 929 2312 afiate
937 2277 1010 2311 uelis
1019 2277 1162 2311 humectis
1166 2275 1260 2323 paleis
1269 2297 1279 2313 ,
1290 2275 1339 2309 uel
1347 2274 1449 2321 hyeme
1464 2274 1584 2309 inducta
1594 2273 1749 2319 ficctffima
1757 2285 1849 2308 arena

115 2323 227 2358 lateres
234 2324 397 2370 neceffitate
405 2328 534 2374 quadam
543 2327 689 2360 addufius
696 2327 835 2372 effingere
844 2350 854 2360 .
881 2333 947 2362 lam
953 2334 1041 2373 patet
1050 2336 1141 2373 quam
1148 2323 1327 2370 negligentes
1334 2322 1422 2365 noslri
1430 2325 1571 2371 temporis
1577 2322 1709 2358 homines
1711 2321 1773 2368 fint
1780 2344 1791 2360 ‚
1801 2322 1850 2356 uel

116 2383 175 2406 uno
187 2372 370 2417 Vticensium
378 2375 524 2422 exemplo,
533 2375 569 2409 de
577 2374 687 2422 quibus
695 2381 724 2410 V
725 2379 778 2409 itr-

166 2420 190 2453 F
206 2433 218 2454 1
235 2433 256 2454 v
266 2434 287 2455 N
300 2434 322 2455 τ
351 2433 454 2457 autem
465 2425 599 2457 laterum
610 2435 725 2469 genera
737 2424 906 2462 tria,unurn
917 2423 1008 2470 quod
1019 2422 1134 2456 Graece
1145 2420 1506 2467 didoronappellatur.i.
1518 2432 1586 2466 quo
1595 2420 1693 2456 nostri
1703 2430 1848 2459 utuntur,

116 2469 254 2517 longum
264 2471 357 2516 pede,
368 2472 467 2506 latum
476 2470 635 2520 semipede
645 2497 654 2506 .
680 2473 811 2506 Caeteris
821 2472 948 2506 duobus
957 2473 1149 2506 Graecorum
1160 2469 1292 2504 aedificia
1302 2468 1467 2503 struuntur
1477 2493 1486 2503 .
1513 2470 1561 2503 Ex
1573 2468 1621 2502 his
1632 2481 1730 2503 unum
1739 2480 1850 2516 penta-

114 2517 235 2558 doxon,
243 2520 379 2554 alterum
388 2520 576 2554 tetradoron
585 2521 704 2554 dicitur
714 2545 724 2555 .
750 2521 872 2556 Dorou
882 2530 987 2555 autem
1007 2520 1116 2553 Graeci
1126 2519 1283 2566 appellant
1291 2518 1432 2565 palmum
1442 2539 1453 2555 ,
1473 2517 1563 2564 quod
1582 2529 1749 2551 munerum
1761 2517 1850 2550 datio

115 2566 232 2600 Graece
250 2567 360 2602 doron
370 2569 560 2617 appellatur:
576 2568 612 2603 Id
621 2580 728 2603 autem
737 2567 856 2616 semper
867 2570 990 2618 geritur
1000 2580 1055 2614 per
1068 2580 1178 2601 manus
1191 2568 1346 2614 palmum.
1372 2568 1422 2600 lta
1441 2565 1531 2612 quod
1541 2564 1586 2598 est
1597 2577 1734 2611 quoquo
1745 2562 1851 2599 uersus

117 2616 258 2661 quinque
271 2617 468 2663 palmorum,
477 2617 791 2664 pentadoron,quod
802 2629 951 2665 quatuor,
961 2615 1149 2651 tetradoron
1159 2616 1276 2650 dicitur
1286 2640 1296 2650 .
1319 2615 1364 2648 Et
1374 2626 1443 2661 quae
1453 2611 1523 2647 sunt
1534 2612 1658 2659 publica
1667 2625 1763 2659 opera
1773 2625 1851 2659 pen-

118 2661 250 2702 ¹2d0102
261 2678 332 2712 quae
341 2667 476 2714 priuata,
488 2666 653 2701 tetradoro
665 2664 838 2700 struuntur.
848 2666 943 2700 Fiunt
952 2677 1058 2700 autem
1069 2676 1142 2698 cum
1153 2664 1202 2698 his
1212 2662 1362 2697 lateribus
1372 2662 1627 2708 semilateres,qui
1638 2673 1712 2695 cum
1721 2659 1851 2694 struun-

115 2720 170 2744 tur
181 2732 194 2748 5
203 2723 262 2745 una
271 2721 358 2760 parte
369 2714 519 2749 lateribus
540 2715 669 2750 ordines
679 2738 689 2753 ,
700 2715 796 2748 altera
808 2713 996 2749 semilateres
1006 2723 1172 2759 ponuntur
1181 2738 1190 2747 .
1208 2713 1300 2759 Ergo
1309 2723 1346 2745 ex
1356 2721 1489 2757 utraque
1499 2720 1585 2754 parte
1594 2710 1634 2743 ad
1643 2711 1757 2743 lineam
1776 2720 1851 2742 cum

116 2758 294 2799 struuntur,
301 2762 427 2797 alternis
436 2763 531 2808 corijs
543 2764 675 2810 parietes
683 2764 868 2810 alligantur,
877 2766 909 2797 &
923 2762 1018 2808 medij
1029 2763 1141 2796 lateres
1151 2759 1241 2807 supra
1249 2770 1439 2807 coagmenta
1448 2758 1612 2798 collocati,
1622 2761 1653 2792 δι
1664 2755 1852 2791 firmitatem

126 2811 158 2842 δι
169 2806 302 2855 speciem
312 2807 433 2845 faciunt
443 2822 576 2858 utraque
587 2822 674 2858 parte
687 2824 753 2846 non
764 2809 961 2846 inuenustam
974 2836 984 2846 .

171 2862 203 2890 H
216 2867 237 2890 v
253 2869 276 2892 N
290 2870 312 2892 c
337 2857 434 2893 locum
441 2869 538 2895 totum
540 2861 607 2905 fere*
616 2860 732 2896 Plinius
740 2872 759 2894 a
778 2863 860 2897 Vitr.
885 2862 1014 2895 mutauit
1030 2858 1108 2894 libro
1115 2858 1302 2907 praeallegato
1313 2881 1322 2891 .
1344 2857 1467 2902 ‚Agitur
1481 2854 1529 2889 hic
1536 2856 1572 2889 de
1577 2853 1677 2900 figura
1685 2876 1696 2892 ,
1707 2858 1748 2893 (φ
1749 2854 1852 2898 forma

116 2932 118 2935 ,
127 2903 256 2939 laterum
263 2928 276 2945 ,
285 2908 361 2941 unde
363 2919 476 2953 genera
484 2909 595 2953 diuersa
602 2909 763 2952 duciafitnt
773 2935 782 2944 .
807 2914 855 2944 Ex
863 2907 970 2957 quibus·
978 2917 1042 2944 tum
1050 2910 1165 2943 maiora
1172 2929 1183 2945 ,
1191 2915 1257 2941 tum
1264 2907 1377 2940 minora
1385 2904 1503 2947 aedificia
1519 2902 1725 2945 construuntur
1733 2918 1744 2943 ;
1753 2901 1821 2947 aliis
1828 2904 1853 2934 i-

123 2962 185 2988 tem
188 2954 352 3000 generibus
358 2958 387 2989 in
394 2954 521 3002 publicis
526 2957 661 3004 aedficijs,
671 2957 738 3004 alijs
748 2960 777 2992 in
781 2959 911 3006 priuatis
917 2957 982 3002 usos
983 2956 1069 3002 fuiffe
1077 2957 1360 2992 ueteresinuenimus
1370 2978 1380 2988 .
1410 2960 1560 2989 'Praeterea
1569 2963 1639 2987 uero
1648 2974 1658 2990 ,
1674 2964 1709 2986 ea
1724 2962 1787 2997 quae
1796 2956 1826 2985 V
1827 2951 1853 2982 i-

121 3010 165 3038 tr.
178 3013 285 3043 narrat
292 3003 348 3050 effi’
354 3003 482 3040 lacerum
484 3017 609 3054 genera,
612 3007 682 3051 fiant
695 3013 736 3049 (φ
743 3006 818 3049 alia,
828 3017 890 3055 quae
896 3008 928 3042 in
935 3005 1060 3054 adificiqs
1067 3005 1220 3053 uisuntur}
1229 3006 1264 3039 de
1271 3001 1537 3052 quibusstlbmm
1547 3027 1556 3035 -
1582 3007 1653 3036 Late
1656 3013 1702 3035 m
1712 3003 1730 3045 (
1738 2997 1857 3079 inqua).

1547 3055 1571 3086 E
1621 3061 1637 3095 3
1788 3057 1818 3080 ul
