2241 3318
822 52 873 95 Q
902 50 933 85 if-
965 48 1021 86 A
1067 55 1103 93 R
1132 52 1170 85 'T
1207 51 1249 85 *V
1297 56 1330 85 s.
1854 64 1916 100 135

238 120 465 157 Faciliscoronae
472 117 641 153 distributio
650 116 697 160 esi.
708 117 773 152 alta
788 122 863 152 enim
878 120 923 153 eft
931 130 998 152 cum
1005 116 1072 164 suis
1090 119 1228 164 cymatijs
1237 121 1355 153 dimidio
1362 120 1482 163 piodnlo
1491 143 1500 157 ‚
1513 132 1595 154 cuius
1604 123 1715 160 dimidii
1730 131 1839 168 quarti
1844 132 1918 168 pars

189 171 314 219 cymatio
315 169 463 214 superiori
470 190 480 207 ‚
490 167 587 202 altera
595 177 706 215 quarta
714 168 845 210 infhriori
852 194 863 206 ,
872 169 933 201 dua
941 166 1059 214 reliqua
1067 167 1120 214 ipsi
1128 179 1240 201 corone
1249 169 1360 201 dantur
1368 193 1376 202 .
1405 171 1572 214 Qvniate'um
1581 164 1763 213 liabetfi'iani
1773 183 1832 217 qua
1839 173 1920 204 riram

188 221 279 254 tertia
284 220 381 263 partis
388 239 398 254 ‚
407 216 524 262 reliqua
531 218 590 249 dua
598 214 745 260 conflexui
753 218 813 249 cius
824 218 932 250 dautur
943 240 953 249 .
979 218 1137 249 ‘Prominet
1147 222 1263 249 Corona
1271 218 1401 254 dimidia,
1414 230 1454 255 cy*
1463 219 1480 259 J
1483 217 1554 251 exta
1571 218 1682 252 moduli
1691 228 1786 256 tia-rte,
1797 218 1921 266 habeta,-

179 264 436 312 fitasprcecifiones
444 267 473 299 in
483 267 624 299 extremis
631 261 818 306 inferioribus
824 263 962 311 partibus
969 285 979 300 ‚
990 276 1069 309 quaa·
1078 269 1109 298 V
1109 267 1161 297 itr.
1168 265 1284 306 scotias
1293 274 1383 298 uocat
1394 291 1403 298 .
1425 272 1460 299 In
1471 255 1727 314 Metopisscallitae
1734 267 1919 309 erantfizcri·

180 312 556 360 fici07·1impatiiiae,hubula
565 315 664 359 capita
674 334 684 349 ‚
695 312 905 355 &huiusmodi
914 312 975 348 alia
986 334 996 348 ,
1006 324 1067 359 qua
1076 311 1203 348 arbitrio
1211 312 1388 348 Architeffi‘i
1397 313 1612 360 relinqumttur.
1623 318 1708 349 inodo
1715 316 1828 362 aliquid
1828 315 1922 361 signi-

178 363 281 406 ficem,
292 364 370 410 quod
379 363 418 395 ad
426 374 487 395 rem
493 364 653 408 pertineat.
664 363 740 396 ‘Pari
742 362 843 404 fiirrna
847 359 903 403 fich
911 363 971 394 ima
979 373 1090 394 corona
1100 383 1109 397 ‚
1120 362 1150 394 id
1157 359 1260 401 estfiib
1276 360 1368 406 plano
1385 362 1517 404 inferiori
1528 384 1537 398 ‚
1542 372 1637 407 gutta
1649 366 1688 397 ad
1695 364 1861 410 triglyphos
1871 376 1920 398 re-

176 412 349 458 spondentes
354 409 480 452 fiebant.
492 411 535 443 lia
543 412 571 443 in
581 408 829 454 longitudinefi’x,
840 412 867 442 in
877 409 1032 443 latitudine
1038 418 1100 447 tres
1105 408 1305 458 ponebantur.
1314 410 1401 443 itaut
1411 420 1585 457 omnesque
1593 414 1631 445 ad
1639 406 1820 458 triglyplium
1829 424 1920 445 unum

181 458 386 503 referebantur
393 482 401 497 ‚
411 458 499 502 effent
507 470 626 492 numero
635 459 744 494 deceni,
755 464 795 496 (sy-
805 454 987 501 ottaforrnc'z
996 469 1098 491 earum
1115 466 1182 492 erat
1191 459 1322 491 rotunda
1333 482 1342 491 .
1351 460 1395 491 ita
1405 460 1480 490 enim
1494 471 1512 491 a
1521 459 1610 503 plano
1621 455 1783 493 decidentes
1787 469 1881 505 guttae
1890 463 1921 494 in

105 532 153 559 ³0
182 506 282 542 orbem
292 506 508 543 conuoluuntur
516 507 625 552 ‚spatia
635 517 715 542 uero,
725 517 787 552 quae
805 505 933 554 metopis·
943 505 1152 552 respondebant
1160 529 1169 543 ‚
1179 515 1233 539 aut
1238 506 1328 552 pura,
1337 507 1368 540 id
1376 505 1414 546 eft
1425 505 1489 549 sine
1493 507 1656 553 scalpturis
1664 507 1922 555 relinquebantur,

181 566 235 591 aut
237 555 367 599 fulmina
370 554 488 602 scalpta
499 553 661 589 habebant.
688 561 737 588 Ita
745 553 905 597 'Gutteefiib
914 557 972 589 ima
981 567 1092 588 corona
1108 556 1147 589 ad
1155 554 1337 589 canaliculos
1345 553 1562 601 triglyphorum
1576 581 1586 594 ‚
1600 556 1760 589 canaliculi
1772 559 1811 590 ad
1814 566 1922 601 guttas

181 606 333 649 inferiores
341 602 548 648 referebantur
558 628 567 637 .
577 604 653 636 unde
661 612 818 650 perperam
823 603 944 645 fhcf't'urn
954 604 1000 638 est
1008 601 1048 637 ab
1062 616 1107 641 eo,
1118 605 1169 650 qui
1171 611 1282 648 guttas
1291 612 1397 637 contra
1414 603 1625 649 metopasmlia
1636 614 1806 638 ornamenta
1816 614 1922 639 contra

181 653 349 700 triglyphos
357 654 395 686 ad
399 651 640 699 perpendiculum
647 653 676 684 in
685 653 744 685 ima
753 664 861 686 corona
879 652 975 698 posuit
983 677 991 685 .
1028 658 1044 685 I
1039 654 1182 698 gnorauit
1191 653 1277 688 enim,
1288 653 1359 697 quid
1366 652 1418 685 illa
1420 660 1515 696 gutta
1517 651 1730 697 significarent,
1740 665 1797 700 quo
1810 665 1846 686 ue
1854 653 1922 687 loco

181 702 270 746 essent
276 703 421 747 ponenda,
432 700 569 744 nesbiuit‘.
580 709 614 734 ut
619 709 691 746 pote
698 702 749 747 qui
759 701 826 744 cafii
836 709 1010 735 ornamenta
1016 700 1086 742 fieri
1090 702 1245 748 putauerit
1256 725 1264 733 .
1275 714 1285 732 i
1292 700 1353 733 eC't'e
1361 709 1461 734 autem
1465 700 1551 744 fecit,
1560 712 1626 734 cuin
1636 704 1665 733 in
1674 701 1804 748 metopis
1813 701 1922 746 insigne

181 749 279 787 urbis,
290 750 355 783 loco
366 748 501 784 bubulini
527 748 638 796 capitis
656 750 812 783 collocauit
823 774 832 783 .
865 748 991 797 Reliqua
1002 752 1097 783 omnia
1106 771 1116 786 ‚
1128 747 1284 796 quaefiipra
1293 760 1420 783 coronas
1427 758 1577 795 ponuntur
1587 772 1596 787 ‚
1605 748 1645 783 ali
1654 756 1670 784 I
1671 750 1766 784 onais
1782 748 1922 783 moribus

181 811 239 833 non
241 799 312 841 sunt
319 798 430 832 aliena.
440 809 493 831 nos
501 797 655 844 epistylijs,
667 807 701 831 ut
708 797 889 844 reliquarum
895 800 1037 844 partium,
1041 799 1173 841 formam
1182 796 1397 843 descripftmuaes.
1407 795 1463 830 vln'
1486 810 1516 834 a,
1544 796 1573 831 b.
1582 798 1762 844 epistylium.
1796 812 1823 832 c.
1847 807 1922 843 gut-

180 857 226 882 ta.
253 849 282 880 d.
307 846 410 892 regula
435 858 461 884 e,
488 849 584 880 rania.
606 847 636 890 f.
657 858 691 891 g.
712 846 896 893 triglyphuxs.
923 847 954 884 h,
973 846 1189 893 semimetopia.
1217 848 1237 884 i,
1263 855 1393 892 metopa.
1422 845 1453 883 k,
1471 846 1613 892 triglyphi
1621 847 1796 893 capitulum.
1831 846 1852 884 l,
1878 858 1920 884 m,

181 907 291 931 corona
316 907 383 929 cum
403 894 452 928 uis
461 898 607 942 cymatiis.
633 907 662 932 n,
688 904 818 929 mentum
837 907 960 929 coronae.
987 908 1016 933 o,
1042 894 1149 939 storia,
1170 893 1284 942 reliqua
1293 896 1321 927 in
1332 893 1524 939 fhftigiofimt
1535 894 1676 941 fiiperim
1692 896 1844 942 explicata
1855 921 1862 928 .
1886 905 1922 941 p.

174 953 270 990 guttae
285 943 343 986 fiili
352 946 411 978 ima
423 956 532 978 corona
542 943 699 990 triglyphis
707 944 917 990 respondentes,
928 956 959 991 q,
980 943 1160 991 spatia,quel
1169 942 1217 976 uel
1222 953 1301 990 pura
1310 942 1508 990 relinquntur,
1519 943 1568 976 uel
1570 940 1920 987 fulminibus-ornantur.

229 995 248 1025 S
263 1004 275 1025 1
306 1005 385 1026 uero
395 991 656 1040 pycnostylon‚&
666 993 967 1039 monotriglyphum
979 1005 1062 1038 opus
1079 993 1137 1025 erit
1147 990 1340 1030 faciendum,
1351 989 1442 1024 frons
1452 991 1561 1029 aedis,fi
1571 992 1750 1038 tetrastylos
1761 993 1921 1031 erit‚diui-

108 1039 154 1061 ²⁰
182 1040 274 1075 datur
284 1043 318 1075 in
328 1053 432 1087 partes
442 1041 599 1079 decenn&
611 1053 730 1075 nouem
742 1053 815 1074 cum
826 1041 967 1081 dimidia3
980 1040 999 1074 fi
1011 1040 1186 1087 hexastylos
1196 1041 1227 1073 in
1242 1051 1345 1085 partes
1380 1051 1435 1081 29.
1461 1052 1487 1073 s.
1504 1052 1540 1073 ex
1559 1040 1605 1072 his
1616 1053 1685 1086 pars
1704 1055 1765 1075 una
1775 1042 1833 1074 erit
1843 1053 1920 1074 mo-

181 1090 286 1129 dulus,
296 1090 334 1123 ad
346 1102 441 1137 quem
454 1090 514 1133 (uti
526 1089 614 1135 supra
624 1088 773 1134 scriptum
785 1088 842 1130 est)
853 1101 952 1135 opera
962 1088 1190 1123 distribuentur
1201 1114 1208 1122 .
1238 1092 1283 1122 lta
1293 1087 1382 1134 supra
1393 1088 1527 1133 singulas
1539 1087 1670 1135 epistylij
1682 1094 1837 1136 partes‚›&
1852 1102 1920 1123 me-

180 1150 264 1185 topa:
276 1139 356 1177 duae,
366 1143 398 1173 δε
408 1138 558 1184 triglyphi
570 1137 683 1184 finguli
693 1149 786 1172 erunt
802 1137 1006 1173 collocandi.
1026 1140 1064 1171 In
1074 1136 1276 1184 angularibus
1287 1149 1353 1170 non
1363 1138 1510 1182 ampliuS,
1522 1136 1618 1184 quam
1631 1150 1786 1183 quantum
1799 1137 1841 1172 efl
1853 1136 1920 1183 spa·

180 1188 259 1221 tium
273 1186 510 1234 hemitriglyphi
523 1212 532 1221 .
545 1187 689 1221 Accedet
699 1186 731 1220 id
741 1188 773 1220 in
783 1188 935 1221 mediano
945 1197 1057 1221 contra
1068 1185 1229 1234 fastigium
1240 1185 1382 1220 duorum·
1391 1186 1640 1232 triglyphorum,
1651 1189 1684 1220 &
1703 1188 1799 1220 trium
1810 1198 1921 1220 meto-

178 1248 291 1283 parum
303 1235 436 1282 spatium
446 1258 456 1273 ‚
468 1247 502 1269 ur
513 1236 603 1269 latius
623 1236 765 1269 medium
782 1236 1068 1269 intercolumnium
1088 1233 1312 1268 accedentibus
1329 1234 1369 1268 ad
1379 1234 1478 1268 aedem
1499 1235 1611 1268 habeat
1629 1235 1841 1269 laxamentum
1855 1260 1865 1272 2
1887 1238 1921 1268 &

178 1283 325 1319 aduersus
335 1285 493 1319 simulacra
505 1285 654 1318 Deorum
663 1283 802 1330 aspee'cus
812 1284 1016 1331 dignitatem.
1033 1280 1163 1331 Insuper
1179 1283 1418 1329 triglyphorum
1439 1283 1590 1316 columna
1608 1281 1652 1316 est
1661 1283 1921 1320 collocanda,ha-

179 1332 257 1366 bens
268 1335 327 1375 (uti
337 1333 424 1379 supra
436 1331 586 1379 scripturn
598 1332 657 1372 est)
667 1334 842 1380 cymatium
855 1334 1016 1366 Doricum
1027 1333 1059 1366 in
1070 1334 1150 1371 imo,
1161 1332 1297 1366 alterum
1307 1332 1340 1365 in
1350 1330 1475 1366 summo
1487 1356 1496 1364 .
1524 1333 1605 1365 Item
1618 1343 1690 1366 cum
1704 1333 1848 1378 cymatijs
1861 1344 1921 1364 co-

179 1393 259 1414 rona
269 1381 360 1415 crassa
371 1395 406 1415 ex
418 1382 561 1416 dimidia.
582 1381 762 1416 diuidendae
780 1393 887 1415 autem
897 1380 1009 1416 suntin
1028 1393 1151 1415 corona
1168 1381 1231 1414 ima
1240 1380 1279 1413 ad
1289 1378 1551 1427 perpendiculum
1563 1380 1799 1428 triglyphorum
1811 1402 1820 1418 ,
1832 1384 1863 1414 &
1877 1379 1918 1414 ad

178 1431 298 1464 medias
309 1442 464 1476 metopas,
475 1432 599 1464 uiarum
612 1430 807 1465 directiones
816 1455 826 1471 ‚
835 1435 865 1466 δι
875 1441 1038 1478 guttarum
1049 1428 1292 1464 distributiones
1302 1451 1313 1467 ‚
1322 1432 1353 1463 δι
1364 1429 1486 1476 reliqua
1498 1440 1631 1476 quoquc
1641 1429 1922 1477 quemadmodum

179 1479 301 1513 disturn
312 1478 356 1513 est
369 1479 400 1512 in
410 1478 547 1527 diastylis
558 1504 568 1513 .
1704 1507 1708 1508 γ

107 1527 152 1565 39
225 1527 335 1562 Facilis
340 1540 456 1576 quoque
463 1531 543 1563 ratio
552 1529 783 1577 monotriglyphi
790 1552 800 1567 ‚
809 1529 876 1572 idest
885 1530 952 1564 cedis
960 1552 969 1567 ‚
979 1531 1062 1563 cuius
1076 1527 1304 1562 intercolumnia
1321 1527 1480 1574 angularia
1499 1538 1586 1560 unum
1596 1529 1625 1560 in
1634 1529 1727 1562 medio
1735 1527 1922 1574 trigljiplium

176 1574 300 1610 habent.
335 1578 366 1611 Si
373 1579 543 1623 corrigatur
551 1580 646 1614 codex
655 1590 688 1613 eo
696 1580 797 1616 morlo,
808 1591 866 1626 quo
875 1591 952 1612 nunc
956 1578 1101 1625 scriptum
1110 1576 1146 1618 esi
1158 1600 1168 1615 ‚
1178 1588 1247 1611 nam
1256 1577 1406 1620 mendosus
1423 1585 1488 1610 erat
1500 1578 1595 1622 prius,
1606 1582 1646 1615 &⁴
1655 1577 1735 1610 nulla
1743 1578 1859 1610 ratione
1860 1574 1921 1619 fibi

176 1624 340 1667 conflabat.
350 1637 388 1659 ex
395 1627 609 1672 diagrammate
617 1629 708 1662 etiam
716 1628 790 1671 infra
796 1626 906 1676 postte,
916 1630 974 1664 erit
982 1625 1158 1672 manifestior
1167 1651 1176 1661 .
1202 1624 1266 1662 Vbi
1290 1640 1318 1661 c.
1346 1624 1384 1667 esi
1397 1623 1543 1672 tetrastyli
1554 1625 1664 1672 species
1678 1624 1923 1672 monotriglyphi,

177 1673 402 1721 &pycnostylu
428 1677 458 1709 d.
481 1687 551 1709 uero
558 1675 715 1723 hexastyli.
1034 1687 1037 1689 ’
1193 1673 1196 1675 v
1725 1677 1729 1680 ’

227 1723 433 1757 COLvMNAs
461 1734 567 1757 autem
587 1723 688 1757 striari
699 1725 814 1770 uiginti
832 1725 912 1768 strijs
922 1735 1055 1772 oportet
1064 1747 1073 1762 ,
1082 1737 1152 1771 quae
1164 1725 1185 1759 st
1197 1725 1295 1771 planae
1305 1734 1397 1758 erunt
1407 1745 1417 1760 ‚
1426 1722 1561 1770 angulos
1579 1721 1717 1758 habeant
1734 1722 1849 1770 uiginti
1863 1723 1921 1756 de-

177 1770 334 1818 signatos:
346 1771 389 1804 sin
398 1782 505 1806 autem
515 1772 761 1811 excauabuntur,
774 1772 814 1806 sic
823 1773 866 1806 est
877 1773 981 1808 forma
991 1771 1133 1806 facienda
1145 1797 1154 1811 ‚
1163 1774 1204 1806 ita
1216 1772 1368 1818 utiquam
1380 1784 1532 1819 magnum
1551 1770 1596 1804 est
1607 1772 1809 1805 interuallum
1829 1770 1923 1809 striae,

179 1830 245 1853 tam
258 1821 381 1865 magnis
391 1820 540 1854 striaturae
550 1820 677 1866 paribus
687 1820 839 1854 lateribus
850 1822 1040 1868 quadratum
1050 1820 1254 1858 describatur,
1265 1822 1298 1855 in
1317 1821 1426 1855 medio
1436 1832 1544 1854 autem
1558 1820 1715 1867 quadrato
1737 1820 1849 1867 circini
1860 1833 1920 1854 cen

179 1878 264 1902 trum
275 1869 454 1902 collocetur
462 1891 471 1907 ‚
480 1872 512 1903 δε
521 1880 633 1915 agatur
643 1868 723 1902 linea
743 1871 982 1904 rotundationis
992 1896 1002 1909 ‚
1012 1881 1082 1917 quae
1104 1869 1329 1915 quadrationis
1346 1870 1483 1916 angulos
1502 1880 1610 1916 tangat
1630 1873 1662 1903 δε
1683 1866 1842 1916 quantum
1860 1870 1920 1902 erit

178 1928 356 1951 curuaturae
367 1917 450 1951 inter
458 1917 738 1958 rotundationem,
750 1921 781 1952 δε
791 1919 978 1965 quadratam
989 1918 1236 1963 descriptionem
1247 1940 1256 1955 ,
1269 1929 1395 1952 tantum
1415 1918 1454 1951 ad
1474 1916 1615 1951 formam
1631 1914 1824 1951 excauentur
1834 1943 1843 1952 .
1871 1920 1921 1953 Ita

138 2006 144 2012 ι
177 1966 302 1999 Dorica
312 1967 462 1999 columna
479 1963 524 1999 sui
535 1965 658 2012 generis
669 1964 819 2000 striaturae
834 1967 962 2001 habebit
974 1965 1202 2014 perfcffionem
1214 1991 1223 2000 .
1251 1968 1305 2000 De
1314 1966 1496 2000 adiectione
1513 1967 1579 2000 eius
1590 1991 1600 2005 ,
1611 1978 1682 2013 quae
1692 1966 1808 2000 >media
1819 1974 1922 2013 'auge-

105 2015 152 2050 49
179 2025 231 2048 tur
244 2014 309 2057 (uti
320 2014 352 2046 in
363 2015 459 2048 tertio
468 2014 634 2058 uolumjne
646 2013 685 2047 de
697 2016 816 2048 Ionicis
827 2015 870 2049 est
883 2015 1069 2062 perscripta)
1080 2016 1123 2048 ita
1133 2019 1165 2049 ἃς
1178 2017 1209 2048 in
1221 2016 1267 2049 his
1307 2013 1522 2049 transferatur.

227 2070 274 2098 De
280 2064 361 2108 §irus
369 2062 534 2097 Philander
543 2062 676 2107 loquitur
683 2065 739 2098 ita.
767 2064 912 2098 Columnae
919 2067 1033 2099 Dorica:
1041 2072 1095 2098 aut
1104 2063 1222 2109 angulis
1232 2063 1426 2110 insigniuntur
1435 2065 1540 2109 uiginti
1548 2085 1558 2101 ‚
1568 2071 1622 2096 aut
1629 2063 1752 2098 totidem
1762 2074 1920 2098 exc-auan-

181 2120 231 2146 tur
234 2110 374 2157 strigibus
383 2137 392 2145 .
419 2117 437 2146 S
441 2113 475 2146 ed
476 2111 529 2153 suo
539 2112 679 2159 quodam,
691 2115 858 2159 &proprio
869 2115 953 2148 modo
962 2137 972 2152 ,
986 2122 1020 2148 ut
1028 2113 1077 2147 hic
1081 2110 1281 2159 prescribitur
1289 2138 1299 2148 .
1316 2117 1405 2159 NJm
1413 2112 1450 2154 efl
1459 2112 1542 2146 aliud
1545 2111 1667 2154 siriandi
1677 2118 1775 2158 genus
1784 2120 1800 2147 Ι
1801 2112 1897 2146 onicis·
1904 2134 1917 2150 ‚

180 2159 321 2197 debitum,
330 2161 365 2193 de
374 2172 431 2207 quo
441 2160 497 2207 ipse
505 2162 582 2195 dixit
590 2182 609 2207 ¹,-
616 2166 689 2207 Cap.
698 2160 814 2199 ultimo,
827 2160 880 2195 lib.
888 2174 900 2206 3
908 2187 918 2196 .
945 2161 1163 2209 Qaefiriantur
1171 2161 1320 2200 columna,
1330 2170 1385 2194 aut
1392 2157 1481 2197 reilis
1488 2160 1573 2195 lineis
1581 2184 1591 2198 ‚
1601 2169 1655 2195 aut
1663 2162 1693 2194 in
1701 2160 1920 2195 clauicularum

181 2209 298 2242 modum
302 2207 414 2251 sursum
425 2209 525 2252 uerfiis
535 2205 684 2243 obuolutis
702 2210 848 2244 siriantur
854 2233 864 2248 ,
874 2213 919 2244 uti
926 2213 954 2245 in
963 2210 1160 2246 torcularium
1177 2208 1306 2244 cochleis
1315 2208 1414 2244 uidere
1423 2207 1479 2244 es‘i.
1492 2209 1647 2244 Corinthia:
1654 2207 1814 2245 absonicis
1824 2210 1921 2245 strias

181 2265 356 2290 mutuantur
363 2279 374 2293 ‚
379 2257 434 2300 sed
440 2266 494 2291 aut
503 2267 569 2291 totae
578 2257 713 2300 aefhmmo
723 2260 763 2292 ad
770 2261 859 2293 imum
869 2268 1057 2294 excauantur
1064 2281 1074 2296 ‚
1085 2268 1139 2293 aut
1143 2260 1276 2305 partium
1292 2261 1382 2292 trium
1398 2257 1498 2300 infima
1514 2258 1608 2293 ueluti
1617 2256 1726 2292 baculo
1743 2257 1848 2300 inserto
1866 2268 1921 2306 op-

176 2303 311 2352 plentur.
323 2306 470 2339 Videntur
485 2315 574 2341 extra
584 2304 688 2341 urbem
691 2307 776 2353 scapi
786 2308 930 2354 Corinthii
939 2307 1075 2352 onychini
1085 2308 1141 2341 duo
1150 2307 1278 2349 secundo
1287 2307 1356 2350 fere*
1371 2306 1468 2354 lapide
1484 2308 1524 2341 ad
1538 2309 1618 2341 uiam
1634 2311 1880 2352 Nomentanam,
1890 2309 1921 2340 in

181 2355 238 2387 ade
253 2360 294 2388 D.
319 2353 456 2399 Agnetis
464 2356 538 2389 miro
546 2354 674 2397 artificio
677 2354 787 2397 striati,
786 2356 840 2398 sed
847 2367 904 2390 non
913 2368 953 2391 ex
964 2351 1121 2403 praecepto.
1131 2360 1206 2389 Sunt
1215 2360 1257 2394 θ’
1267 2357 1296 2388 in
1312 2354 1390 2389 vrbe
1398 2357 1428 2390 in
1436 2355 1564 2399 Rafilica
1573 2357 1633 2389 diui
1644 2357 1733 2390 ‘Petri
1741 2354 1857 2389 alterno
1869 2367 1918 2388 or-

181 2403 248 2435 dine
250 2400 329 2448 ftriq's
337 2402 550 2440 clauiculatim‚
557 2403 722 2452 spiratinnj;
741 2403 890 2438 obuolutis
891 2403 1000 2446 siriatae
1008 2427 1018 2442 ,
1029 2411 1070 2444 (φ
1079 2402 1240 2447 frondibus
1248 2425 1258 2442 ‚
1263 2403 1369 2450 sigillis
1375 2426 1386 2442 ‚
1394 2403 1522 2441 aniculis
1529 2427 1540 2442 ‚
1545 2401 1725 2452 palmitibus
1732 2426 1744 2445 ,a
1756 2402 1920 2452 racemisqss·

181 2450 284 2496 aspere
292 2476 301 2484 .
328 2452 477 2485 Striatura
484 2461 586 2486 autem
594 2454 705 2487 Dorica
714 2452 771 2486 hoc
781 2452 848 2487 loco
857 2452 1028 2497 describitur
1045 2478 1055 2487 .
1756 2470 1761 2472 -

105 2500 157 2548 -39
232 2499 361 2546 Qowr
371 2511 424 2533 ΛΜ
452 2501 591 2534 exterior
598 2498 715 2547 species
733 2499 982 2547 symmetriarum
991 2524 1002 2540 ‚
1013 2505 1045 2537 &
1058 2501 1324 2540 Corinthiorum,
1334 2505 1366 2536 &
1376 2502 1591 2539 Doricorum,
1607 2503 1639 2535 δε
1659 2502 1850 2536 lonicorum
1867 2499 1914 2534 est

183 2546 365 2594 perscripta,
376 2547 496 2582 necesse
505 2548 550 2583 est
558 2549 651 2584 etiam
663 2550 830 2584 interiores
841 2551 988 2584 cellarum
999 2575 1008 2589 ,
1021 2549 1170 2597 pronaic'p
1182 2548 1423 2585 distributiones
1436 2551 1603 2595 explicare.

232 2601 362 2642 Tempurs
370 2596 407 2639 esi
415 2606 449 2631 ut
456 2597 598 2644 templum
605 2600 803 2644 ingrediamur
812 2621 822 2638 ,
831 2610 899 2634 cum
907 2608 1012 2635 catera
1021 2600 1130 2638 omnia,
1139 2610 1201 2649 quae
1208 2600 1248 2634 ad
1256 2601 1434 2635 exteriorem
1435 2600 1560 2648 speciem
1563 2601 1746 2648 pertinent‚a
1749 2600 1914 2646 fundamen

542 2643 556 2650 x

185 2641 241 2682 tis,
251 2641 438 2688 a'dfitmmum
445 2645 618 2692 tediumfint
626 2648 789 2696 explicata.
