2241 3318
341 88 406 121 1'16
965 75 1424 115 -LIBER›

395 152 641 202 AstragaIusfiib
651 151 736 186 oculo
738 150 810 193 fisos
818 147 911 184 habet
920 150 1060 183 terminos
1068 164 1079 189 ;
1089 150 1153 182 ideo
1163 149 1235 182 dicit
1243 148 1326 182 Vitr.
1335 155 1395 180 tres
1401 151 1506 191 partes
1509 144 1696 191 praepcndere
1703 140 1809 176 debere
1818 139 1893 184 infra
1901 139 2089 187 astragalum,

340 219 410 243 nam
418 208 492 248 inst-,1
509 203 624 238 oculum
633 203 671 234 ad
680 208 846 233 extremam
854 198 961 231 uolutae
968 199 1190 232 circinationem
1199 218 1209 233 ‚
1219 205 1281 229 tres
1301 203 1356 228 unt
1364 202 1468 239 partes
1475 204 1514 226 ex
1524 204 1628 226 nouem
1639 197 1680 230 cj-
1701 193 1819 225 dimidia
1827 213 1837 228 ‚
1849 193 1878 224 in
1887 203 1945 238 qua
1955 190 2092 225 cathetos

345 256 437 294 diuisit
447 258 599 287 craneum
606 252 698 294 igitur
706 258 768 282 tres
774 256 877 294 partes
885 246 947 290 fint
956 247 1030 289 infra
1040 245 1168 283 oculum,
1179 243 1230 278 ubi
1237 242 1406 289 astragalus
1414 249 1591 288 terminatur
1599 263 1610 278 ‚
1615 240 1671 283 sex
1681 245 1722 279 &⁴
1730 241 1849 274 dimidia
1858 249 1945 274 erunt
1952 239 2071 287 reliqua
2079 261 2090 277 ‚

340 316 380 338 ex
390 303 439 335 liis
451 313 508 335 nna
520 306 559 338 &-
571 299 689 331 dimidia
698 295 893 331 datm-abaco
905 320 913 328 .
924 297 1041 330 reflant
1048 297 1140 340 igitur
1149 296 1278 339 quinque
1289 317 1298 326 .
1309 304 1349 326 ex
1357 290 1405 324 his
1417 301 1506 323 unam
1514 312 1524 327 ‚
1536 296 1577 329 ξφ
1586 290 1735 323 dimidiam
1753 286 1869 322 canalis
1882 297 2029 335 occupat,
2039 300 2091 335 cy·

339 354 464 386 matium
475 351 562 384 duaa,
574 352 614 386 &-
645 344 908 382 uartam‚latitudo
917 344 1021 378 uolutat
1029 344 1178 377 dimidiam
1189 367 1197 375 .
1209 340 1358 386 reliquum
1366 340 1456 385 igitm
1463 337 1639 384 astragalus
1648 334 1806 384 occupabit
1815 359 1823 372 ‚
1834 336 1892 370 hoc
1899 335 1937 378 est
1944 345 2006 371 tres
2015 349 2092 385 quar

343 409 406 435 tas,
417 409 478 445 quc
479 395 570 440 simul
578 359 678 442 polita*
686 396 811 428 reddunt
820 404 935 430 nouem,
946 398 987 432 (sy
995 393 1145 426 dimidiam
1154 416 1163 425 .
1189 391 1242 424 ΕΗ
1251 398 1354 423 autem
1364 389 1523 434 cymatium
1531 386 1582 421 ubi
1594 399 1628 421 x.
1639 388 1711 420 dicit
1721 386 1954 430 igituradempto
1970 384 2067 419 abaco
2079 408 2090 423 ,

341 450 372 482 id
382 446 418 487 cll
429 458 487 479 iam
496 444 641 481 deiratio,
652 446 722 491 quia
730 454 831 480 unam,
841 447 882 481 (9⁵
891 442 1040 476 dimidiam
1049 450 1166 487 partem
1175 437 1353 486 occupabat,
1365 437 1493 483 cymatio
1503 457 1513 473 ‚
1524 441 1565 475 (φ
1575 435 1674 470 canali
1682 432 1842 480 reliquafit
1847 443 1922 480 pars
1930 457 1939 466 .
1969 433 2092 474 canalia·

342 503 471 529 excauet
476 506 512 527 ur
518 502 617 540 parte,
628 494 798 526 duodecima
806 490 971 524 altitudinis
980 489 1085 523 uoluta
1095 514 1103 522 .
1122 487 1282 532 Astragali
1288 496 1426 521 centrum
1436 489 1477 524 (9·
1486 486 1516 517 in
1524 484 1645 518 catheto
1653 499 1664 524 ‚·
1672 484 1792 517 ducitur
1805 490 1907 515 autem
1915 481 2023 516 uoluta
2031 481 2094 516 mol

341 543 411 578 liter
414 542 432 586 J
431 552 506 589 upra
518 543 691 588 cymatium,
701 549 734 573 ut
742 541 822 573 dixi.
833 539 892 573 sub
902 538 1070 583 ,Alii-agalo
1080 536 1118 579 est
1127 538 1243 585 quadra
1255 534 1432 583 apophygis,
1442 535 1525 567 cuius
1529 532 1699 580 proiet‘lura
1709 540 1798 566 extra
1807 530 1961 566 cathetum
1971 541 2029 564 non
2033 539 2093 578 pro

344 594 462 628 ducitur
475 617 483 624 .
492 590 558 624 alta
568 588 605 631 esl
614 590 732 623 dimidia
742 587 880 634 astragali
890 589 1087 631 crassitudi'ne.

389 646 412 674 P
425 652 446 674 n
459 652 480 672 o
501 651 510 671 1
527 650 544 671 ε
558 650 579 671 c
593 650 615 671 τ
638 651 653 669 ν
668 649 686 671 R
701 650 721 671 A
749 637 877 682 cymatij
890 636 1000 668 habeat
1009 645 1094 667 extra
1106 634 1193 668 abaci
1218 632 1373 680 quadram
1385 631 1472 665 oculi
1483 630 1739 677 magnitudinem
1754 654 1764 664 .

345 696 347 699 '
391 686 645 734 Vitruuimfiipra
655 685 693 720 ab
706 682 952 720 extremitatibus
961 681 1060 720 abaci,
1069 683 1207 718 cathetos
1216 683 1327 716 dimitti
1334 680 1456 724 iufferat
1464 702 1474 717 ,
1484 689 1518 713 ut
1527 678 1612 713 nobis
1629 678 1789 720 ostenderet
1804 678 1927 724 cymatij
1939 678 2091 725 proieft'u-

345 750 424 775 ram,
436 748 505 770 num
514 747 580 770 cum
589 737 659 770 dicit
668 735 724 768 hoc
733 734 798 768 loco
806 734 927 778 cymatii
933 731 1131 777 proiecturam
1141 731 1251 766 habere
1261 738 1350 764 extra
1359 728 1449 763 abaci
1456 730 1601 775 quadram
1610 727 1689 761 oculi
1696 728 1925 773 magnitudinem
1942 728 2095 760 dimitten-

342 789 380 821 do
392 788 456 821 illas
465 785 572 822 lineas,
583 786 721 817 tei-minos
729 775 955 821 nobis'oslendit‚
964 793 984 813 a
991 778 1099 828 quibus
1104 781 1273 828 proiec‘lura
1283 779 1407 826 cymatij
1412 778 1640 824 produceretur.
1651 775 1894 821 Cymatuflexus‚
1906 777 2015 809 circino
2024 785 2094 821 per-

340 835 455 878 ficitur,
466 834 522 867 hoc
532 834 616 866 modo
626 857 634 864 .
645 831 807 866 collocatur
816 831 919 864 circini
923 838 980 876 pes
986 831 1015 862 iu
1024 827 1155 866 catheto,
1167 831 1196 862 in
1204 840 1262 875 quo
1273 827 1311 870 est
1319 826 1428 860 uolutat
1435 825 1549 862 oculus,
1559 824 1610 858 ubi
1620 824 1870 871 canalisfitperior
1881 825 2024 857 terminus
2041 822 2095 865 est,

345 883 431 917 uerbi
435 884 539 928 gratia
551 884 579 914 in
586 880 696 927 puncfl'o
705 891 738 916 x,
752 883 792 918 &⁸
802 880 951 912 diducitur
959 879 999 911 ad
1007 886 1176 912 extremam
1181 877 1383 925 proiesluram
1391 875 1514 922 cymatii
1522 896 1532 911 ‚
1542 872 1594 907 ubi
1607 885 1638 906 z.
1647 878 1689 912 (9-
1708 874 1857 907 duciditur
1858 872 1963 917 flexus
1972 873 2012 906 ad
2019 873 2094 917 infe-

345 934 455 966 riorem
460 939 579 978 partem
588 929 628 962 ad
632 937 802 962 extremam
811 926 1001 971 astragalum,
1012 929 1056 960 ita
1066 935 1098 961 ut
1109 925 1215 961 circuli
1221 927 1372 972 quadrans
1381 922 1556 970 perficiatur
1563 946 1573 956 .

392 983 418 1012 Ρ
429 992 447 1012 ν
462 992 480 1013 L
492 991 511 1011 ν
525 989 536 1011 1
552 990 574 1010 N
588 989 609 1009 o
622 989 644 1012 R
656 988 675 1008 v
690 988 716 1010 M
744 976 861 1010 balthei
871 975 910 1008 ab
922 975 1022 1008 abaco
1033 974 1111 1009 banc
1123 974 1257 1008 habeant
1276 972 1491 1020 proiefluram
1502 993 1512 1008 ‚
1525 982 1559 1004 ut
1571 970 1682 1004 circini
1702 981 1850 1004 centrum
1860 982 1960 1004 unum
1973 982 2046 1004 cum
2058 969 2096 1006 fit

346 1027 490 1076 politum
503 1027 536 1060 in
547 1025 678 1072 capituli
689 1036 822 1060 tetrante
831 1047 843 1063 ,
853 1028 884 1059 &
893 1025 1029 1057 alterum
1037 1022 1207 1058 diducatur
1217 1024 1256 1058 ad
1265 1033 1444 1056 extremum
1454 1020 1639 1065 cymatium,
1647 1019 1877 1054 circumactum
1887 1019 2092 1055 baltheorum

346 1087 502 1111 tXtrcmssS
512 1086 616 1121 partes
626 1085 736 1122 tangat
747 1100 756 1108 ·

342 1144 344 1146 ·
390 1130 430 1161 ,Α
440 1122 586 1159 lateribus
594 1132 693 1158 tumor
697 1123 888 1171 puluinorum
895 1124 1038 1161 cernitur,
1049 1125 1079 1157 in
1088 1124 1184 1157 medio
1188 1122 1260 1166 sunt
1269 1119 1395 1158 balthei,
1406 1121 1458 1166 qui
1467 1127 1557 1153 extra
1565 1116 1694 1153 abacum
1698 1119 1866 1165 prominere
1873 1116 1980 1152 debent
1991 1120 2091 1156 ,ratio

344 1183 447 1208 autem
456 1184 557 1208 corum
562 1172 866 1218 proieliuraefiimitur
874 1172 930 1205 lioc
938 1174 1023 1211 modo
1032 1195 1042 1210 ‚
1054 1181 1087 1207 ut
1094 1171 1188 1219 posito
1198 1173 1308 1206 circino
1316 1172 1346 1204 in
1353 1170 1447 1203 medio
1456 1177 1587 1202 tetrante
1595 1167 1719 1214 capituli
1726 1169 1757 1201 in
1764 1167 1885 1214 punHo,
1896 1172 1947 1206 (y,
1959 1173 1999 1206 ύ-
2008 1169 2092 1204 didu—

344 1223 394 1258 t‘t'o
403 1224 443 1257 ad
454 1223 675 1257 extremitatem
685 1222 1017 1268 cymatu'‚circinationis
1025 1221 1102 1255 linea
1111 1219 1302 1259 baltheos&
1311 1229 1407 1265 zonas
1415 1241 1425 1256 ,
1436 1216 1484 1250 uel
1493 1216 1609 1262 cingula
1613 1215 1804 1262 puluinorum
1810 1218 1910 1250 contin
1908 1224 1978 1262 gat.
1988 1213 2040 1249 ubi
2050 1222 2089 1260 R:

391 1275 423 1305 A
438 1283 459 1304 x
480 1282 497 1303 Ε
512 1282 525 1303 s
557 1270 738 1302 uolutatum
750 1281 790 1302 ne
803 1268 968 1303 crassiores
981 1269 1152 1316 sinuquam
1164 1269 1250 1303 oculi
1261 1265 1466 1316 magnitudo,
1475 1265 1628 1312 uolutaeq3
1638 1263 1708 1312 ipsae
1720 1264 1760 1298 sic
1770 1265 1930 1299 caedantur
1944 1288 1953 1303 ,
1967 1266 2012 1297 uti
2022 1265 2093 1298 alti—

354 1319 494 1357 tudines,
505 1317 638 1351 babeant
648 1318 824 1352 latitudinis
833 1316 890 1351 suae
901 1317 1126 1352 duodecimam
1138 1329 1258 1364 partem
1270 1341 1279 1351 .

344 1382 349 1384 ·
394 1369 544 1413 Qoniam
554 1368 750 1412 imaginamur
758 1365 893 1400 uolutam
901 1365 1045 1414 tanqudm
1051 1366 1207 1413 puluinum
1214 1368 1243 1400 in
1250 1364 1358 1400 bacillo
1367 1364 1535 1399 inuolutum
1544 1386 1554 1401 ,
1566 1365 1631 1398 ideo
1647 1363 1863 1409 craffitudinem
1887 1363 1968 1397 illam
1975 1362 2074 1397 bacilli
2080 1385 2092 1401 ‚

343 1428 405 1465 quic
411 1426 483 1464 pars
492 1415 529 1457 esi
538 1416 616 1450 oculi
628 1417 923 1460 magnitudini‚axem
932 1414 1042 1449 uoluta
1050 1417 1245 1450 nominamus}
1257 1415 1411 1449 Caeduntur
1418 1422 1519 1447 autem
1528 1412 1634 1447 uoluta
1643 1425 1677 1447 ea
1687 1414 1812 1450 ratione,
1817 1424 1875 1459 qua
1878 1411 1969 1459 fifpra
1983 1414 2093 1447 ditium

343 1465 382 1508 eft
397 1493 402 1499 .
413 1463 550 1499 debemus
558 1466 649 1498 etiam
657 1462 811 1506 obseruare
822 1463 1012 1509 angularium
1019 1463 1225 1498 columnarum
1233 1460 1357 1498 unium
1369 1465 1543 1499 exteriores,
1554 1464 1692 1509 quoniam
1701 1460 1831 1508 duplices
1836 1460 1903 1502 fieri
1911 1461 2018 1495 debent
2026 1484 2035 1499 ‚
2045 1463 2089 1495 ita

343 1523 379 1548 ut
390 1516 418 1547 in
428 1523 584 1560 utramque
598 1521 717 1559 partem
725 1512 902 1558 prospiciant
910 1535 921 1550 ,
932 1515 970 1545 ηᾶ
978 1525 997 1546 a
1006 1508 1347 1547 lateribus'uenient'ibus*
1355 1523 1410 1547 eafs
1417 1522 1536 1546 cernere
1547 1509 1666 1548 debent,
1679 1521 1736 1543 non
1745 1511 1842 1543 minus
1850 1509 1940 1555 qua‘in
1952 1523 1971 1544 a
1974 1510 2091 1553 fronte.

343 1563 431 1596 huius
439 1562 590 1608 descriptio
600 1559 732 1594 hocloco
741 1569 870 1607 ponetur
878 1586 886 1595 .
915 1566 928 1604 {
939 1562 1105 1607 Cymatium
1113 1561 1222 1595 echinis
1224 1560 1415 1607 scalpendum
1423 1558 1461 1603 est
1471 1562 1502 1602 .}
1525 1558 1652 1593 Echinos
1659 1559 1789 1603 intelligo
1806 1559 2016 1592 castanearum
2026 1571 2036 1592 .·
2051 1565 2092 1597 &-

338 1610 504 1655 foi-tefolia
517 1633 527 1647 ,
539 1621 602 1657 quae
609 1621 628 1642 a
639 1608 738 1643 canali
742 1611 921 1656 prominent,
932 1608 1133 1651 castanearum
1133 1610 1205 1653 sunt
1206 1610 1284 1654 folia
1295 1634 1304 1643 .
1315 1612 1346 1644 51·
1355 1604 1422 1658 quis
1430 1617 1532 1642 autem
1542 1609 1700 1642 ordinatim
1709 1606 1828 1641 echinos
1832 1615 1982 1653 patentes,
1993 1612 2034 1647 &-
2042 1619 2094 1641 ca-

343 1658 468 1701 staneas
477 1661 608 1693 incertas
619 1659 802 1692 offendentes
810 1658 944 1695 collocet,
952 1657 1063 1692 uidebit
1065 1659 1199 1703 formam
1205 1660 1297 1697 illam,
1307 1670 1397 1706 quam
1406 1660 1436 1692 in
1446 1658 1582 1703 cymatijs
1589 1655 1753 1703 insculpere
1755 1655 1803 1699 sol
1805 1664 1867 1690 ent.

392 1709 426 1741 H
439 1721 459 1740 A
468 1720 485 1741 ε
513 1717 606 1740 erunt
615 1704 800 1751 symmetriae
811 1707 1038 1752 capitulorum,
1049 1719 1118 1754 quat
1127 1707 1289 1740 columnae
1299 1708 1414 1741 fututae
1428 1699 1550 1744 sunt,ab
1562 1705 1700 1738 minimo
1710 1704 1749 1738 ad
1759 1705 1856 1751 pedes
1867 1717 1925 1740 xv.
1938 1704 2023 1752 Qae
2041 1703 2093 1739 su-

345 1768 402 1804 pra
413 1766 507 1789 crunt
517 1755 636 1801 reliqua
653 1754 816 1789 habebunt
827 1755 866 1789 ad
884 1757 1022 1790 eundem
1042 1756 1177 1790 modum
1198 1753 1393 1799 symmetrias
1403 1775 1414 1790 .
1443 1754 1569 1787 abacus
1585 1763 1694 1786 autem
1711 1754 1769 1787 etit
1781 1753 1898 1800 longus
1911 1777 1920 1792 ,
1938 1757 2061 1788 &latus
2079 1775 2091 1791 ,

346 1804 447 1850 quam
459 1801 552 1838 crassa
569 1803 717 1837 columna
733 1803 778 1837 est
796 1804 857 1838 ima
867 1826 878 1842 ‚
886 1803 1010 1837 adiecta
1022 1815 1110 1850 parte
1129 1815 1216 1837 nona
1226 1827 1235 1841 ‚
1246 1803 1372 1849 utiquo
1393 1802 1498 1836 minus·
1510 1800 1657 1836 habuerit
1676 1801 1773 1836 altior
1787 1803 1939 1836 columna
1963 1812 2093 1839 contr&

343 1853 488 1891 &ummo
498 1852 651 1886 neminus
661 1851 774 1885 habeat
781 1852 955 1898 capitulum
967 1850 1025 1887 suae
1037 1851 1222 1899 symmetriae
1232 1851 1461 1896 proiesturaffit
1470 1851 1502 1883 in
1512 1848 1682 1883 altitudine
1692 1860 1766 1884 ratae
1779 1851 1877 1897 partis
1887 1851 2068 1885 adiefflone
2080 1874 2092 1885 .

395 1900 565 1948 Capitulum
574 1898 661 1934 debet
668 1900 819 1933 altitudini
827 1900 965 1934 columna
973 1902 1138 1946 respondere
1148 1924 1157 1934 .
1169 1906 1244 1934 Cum
1251 1901 1343 1944 igitur
1351 1898 1444 1933 altior
1451 1909 1510 1932 una
1513 1898 1556 1941 fit
1562 1898 1824 1945 altera‚oportebit
1841 1902 1985 1934 rationem
1992 1907 2092 1934 muta-

349 1963 394 1988 re,
407 1958 590 1997 quapropter
597 1955 627 1983 V
628 1950 678 1982 itr.
689 1950 852 1994 capitulum
861 1959 961 1981 earum
969 1949 1184 1984 columnarum,
1195 1947 1326 1994 quaesunt
1333 1945 1373 1981 ab
1381 1949 1502 1980 minimo
1514 1945 1581 1979 alta
1589 1947 1754 1992 quindecim
1759 1949 1849 1994 pedes
1859 1969 1869 1985 ‚
1879 1947 2093 1994 descripsit-sed

339 1999 369 2044 fi
378 1999 468 2033 altior
477 1998 612 2033 columna
614 1997 711 2040 fuerit
718 1997 758 2030 ad
765 1998 886 2030 eundem
894 1998 1011 2029 modum
1019 2005 1098 2030 certe
1100 1995 1290 2043 ijmmetrims
1299 1995 1452 2030 habebunt
1466 2019 1475 2028 .
1487 1995 1543 2028 Sed
1549 1992 1662 2027 abacus
1669 1994 1752 2028 ultra
1763 1994 1904 2029 columna:
1926 1995 2087 2040 crassitudi-

344 2059 411 2081 nem
421 2059 497 2081 nona
503 2055 592 2093 parte
596 2043 789 2092 prominebit‚
800 2056 870 2079 nam
878 2055 945 2079 cum
953 2044 1089 2080 columna
1098 2047 1193 2080 maior
1193 2043 1248 2091 fit,
1254 2046 1350 2078 minus
1357 2042 1608 2081 contrabitur‚aer
1617 2044 1693 2076 enim
1701 2041 1739 2078 ob
1749 2043 1922 2079 distantiam
1931 2043 2090 2078 contrabe-

345 2107 380 2129 re
389 2098 518 2129 uidetur.
527 2093 682 2129 Concludit
690 2102 792 2128 autem
801 2100 832 2130 V
831 2096 884 2129 itr.

342 2150 346 2153 ’
399 2145 435 2177 Ι)
450 2155 468 2176 ε
494 2144 679 2176 uolutarum
689 2140 956 2189 descriptionibus
965 2145 1012 2178 uti
1023 2144 1063 2179 ad
1073 2142 1228 2178 circinum
1239 2144 1297 2178 sint
1309 2143 1395 2177 teile*
1405 2143 1569 2180 inuolutae,
1579 2141 1857 2189 quemadmodum
1875 2143 2069 2178 describatur
2077 2165 2090 2181 ,

344 2193 379 2227 in
389 2203 533 2225 extremo
547 2191 629 2224 libro
639 2189 743 2224 forma
755 2214 765 2229 ‚
774 2196 806 2226 δι
817 2192 898 2226 ratio
908 2204 1016 2227 earum
1026 2193 1086 2226 erit
1096 2191 1279 2238 subscripta.
1306 2193 1466 2238 Capitulis
1482 2190 1643 2238 perfectis,
1654 2191 1769 2227 deinde
1780 2192 1812 2225 in
1824 2190 1952 2226 summis
1963 2193 2090 2226 colum-

342 2247 460 2274 'narum
480 2238 575 2285 scapis
598 2263 607 2278 ,
627 2251 695 2272 non
710 2239 749 2272 ad
760 2239 899 2274 libellam
910 2239 962 2275 sed
973 2241 1012 2274 ad
1029 2242 1181 2288 aequalem
1192 2241 1363 2274 modulum
1377 2239 1563 2281 collocatis',
1581 2241 1629 2274 uti
1647 2253 1717 2287 quae
1735 2239 1874 2275 adieffio
1892 2242 1925 2274 in
1948 2240 2090 2289 styloba-

347 2290 389 2324 tis
401 2287 481 2322 faeta
491 2286 583 2321 fucrit
595 2311 604 2326 ,
615 2287 646 2320 in
657 2286 872 2333 superioribus
880 2290 1032 2324 membris
1042 2288 1230 2336 respondeat
1240 2288 1417 2335 symmetria
1427 2288 1646 2335 epistyliorum
1657 2313 1668 2324 .

407 2336 502 2372 Locus
509 2341 533 2369 is
541 2337 657 2369 uidetur
665 2335 762 2370 locum
770 2338 849 2371 illum
857 2338 1019 2375 declarare,
1032 2340 1061 2372 in
1071 2350 1128 2386 quo
1137 2339 1215 2372 dixit
1224 2339 1259 2372 de
1267 2335 1652 2383 adiec‘lioneslylobatarum
1662 2363 1672 2372 .
1692 2349 1760 2373 nam
1767 2347 1869 2374 monet
1879 2350 1932 2373 nos
1941 2337 2090 2385 capitulos

349 2385 456 2422 debere
464 2385 607 2419 collocare
615 2395 674 2418 non
683 2385 722 2418 ad
729 2383 869 2424 libellam,
871 2386 923 2429 sed
932 2386 1090 2430 refilientes
1100 2409 1110 2424 ‚
1117 2389 1164 2420 uti
1171 2387 1359 2433 respondeant
1366 2384 1742 2433 adieiiioniflylobatarum
1751 2413 1761 2421 .
1796 2390 1937 2433 intelligit
1943 2395 2044 2420 autem
2053 2387 2088 2419 de

341 2436 395 2470 'bis
402 2432 549 2481 partibus,
559 2444 621 2480 que
621 2432 715 2480 supra
722 2435 886 2480 capitulum
895 2437 923 2468 in
933 2434 1068 2482 epistyliis
1075 2436 1269 2469 collocantur.
1279 2434 1442 2482 namfiipra
1451 2433 1614 2482 capitulum
1624 2436 1823 2482 respondentes
1826 2446 1929 2484 partes
1936 2437 1965 2468 in
1975 2435 2088 2480 episty-

347 2483 397 2530 lijs
406 2482 536 2526 refiliunt
545 2504 555 2519 ‚
565 2487 607 2521 (φ
613 2489 716 2528 partes
724 2483 897 2528 interpofitae
905 2483 1097 2517 retrahuntur
1105 2509 1114 2517 .
1124 2483 1235 2518 habent
1243 2492 1340 2517 tamen
1349 2486 1451 2518 eadem
1459 2481 1602 2522 membra,
1613 2490 1653 2523 εί]-
1661 2485 1773 2528 easdem
1781 2495 1894 2533 partes,
1898 2484 2088 2531 quemadmo-

340 2549 342 2551 >
353 2534 421 2566 dum
428 2532 548 2578 podium
557 2528 691 2564 babebat
699 2532 800 2565 eadem
809 2543 876 2566 cum
885 2530 1169 2578 ffitlobaticdiilicet
1177 2531 1578 2581 quadra6‚triencos‚lyfis‚&
1585 2533 1678 2568 alias.
1689 2533 1776 2568 buius
1783 2533 1949 2581 exemplum
1958 2529 2088 2578 eftfiipe—

341 2583 418 2615 rim
426 2582 454 2613 in
463 2579 651 2626 descriptione
659 2578 757 2613 ultimi
763 2580 880 2627 templi,
888 2579 940 2614 ubi
947 2582 1074 2614 ‘Po-tium
1081 2581 1208 2628 pofitum
1218 2581 1267 2623 esi.

397 2630 689 2663 EP15TYL10RVM
720 2629 801 2661 ratio
818 2629 859 2662 lic
870 2628 1121 2667 esthabendzuut
1133 2629 1153 2663 fi
1165 2631 1322 2664 columnae
1335 2632 1477 2665 fuerinta
1487 2631 1624 2664 minimo
1652 2643 1706 2665 12.
1731 2630 1863 2678 pedum,
1871 2629 1910 2664 ad
1941 2641 1954 2664 1
1975 2639 2002 2674 5.
2030 2641 2088 2675 pe-

349 2675 555 2723 des,epistylij
565 2675 600 2709 lit
609 2676 750 2711 altitudo
759 2677 890 2712 dimidia
904 2676 1118 2712 crassitudinis
1130 2679 1200 2712 imae
1211 2679 1467 2714 columnae-Item
1479 2678 1499 2713 fi
1511 2693 1528 2714 a
1558 2689 1611 2723 15.
1636 2679 1770 2726 pedibus
1778 2679 1818 2713 ad
1847 2691 1902 2713 20.
1928 2681 2088 2714 columnae

348 2725 488 2760 altitudo
498 2724 683 2758 dimetiatur
693 2726 724 2758 in
735 2736 838 2771 partes
868 2737 921 2771 ¹3·
947 2728 979 2759 ὅ(
991 2726 1083 2760 unius
1092 2728 1188 2771 partis
1197 2728 1336 2762 altitudo
1347 2728 1480 2775 epistylij
1492 2727 1549 2762 fiat
1559 2753 1568 2761 .
1581 2731 1661 2761 Item
1672 2728 1718 2762 fia
1747 2739 1802 2763 20.
1826 2728 1866 2762 ad
1896 2737 1951 2772 25.
1977 2727 2086 2774 pedes,

338 2774 511 2808 >diffidatur
519 2772 658 2807 altitudo
669 2774 700 2806 in
711 2785 814 2820 partes
824 2774 1010 2813 duodecim,
1028 2777 1060 2808 δι
1070 2773 1233 2814 semissem,
1243 2780 1274 2810 δι
1284 2778 1350 2810 eius
1361 2790 1421 2811 una
1431 2788 1501 2823 pars
1509 2777 1649 2810 altitudo
1657 2775 1715 2810 fiat
1725 2801 1734 2811 .
1762 2779 1844 2811 Item
1857 2776 2028 2811 secundum
2039 2777 2086 2809 ra‘-

349 2832 415 2856 tam
425 2834 547 2869 partem
557 2821 596 2855 ad
609 2823 748 2858 eundem
759 2823 894 2858 modum
905 2836 943 2858 cx
951 2823 1118 2857 altitudine
1127 2825 1352 2859 columnarum
1363 2824 1565 2873 expediendae
1575 2822 1648 2860 sunt
1656 2825 1841 2860 altitudines
1852 2825 2084 2873 epistyliorum.

497 2970 546 3003 ,A-
572 2967 697 3005 abacus.
747 2978 782 3006 Β.
809 2970 1029 3019 quadrabat-i,
1080 2976 1113 3005 C·
1144 2971 1273 3008 latitudo
1281 2972 1400 3018 uoluta.
1450 2979 1492 3009 D.
1517 2972 1644 3008 canalis.
1695 2979 1730 3010 E.
1757 2974 1929 3024 cymatimn.

498 3022 533 3052 F.
557 3018 752 3066 Astragalus.
803 3027 830 3056 G
854 3028 897 3056 H.
923 3018 1109 3067 =Apothefis·.
1154 3040 1158 3042 ·
1199 3038 1201 3040 ·

2007 3070 2092 3118 Qe

2125 556 2168 580 10

2123 1049 2170 1083 zo

2124 1541 2170 1575 30

2118 2037 2167 2072 40

2028 3039 2033 3043 -
2080 3012 2162 3054 :6⁶
