2241 3318
271 107 338 141 288
950 73 1271 143 ιιέειχ

268 182 492 226 consentaneum
500 178 539 222 esi
545 181 671 213 mediam
681 175 893 223 longitudinem
900 183 954 210 tan
958 183 990 209 to
998 176 1142 210 minorem
1150 171 1205 218 effit
1214 174 1322 207 maiori
1330 193 1342 210 ‚
1349 179 1462 219 quanto
1472 171 1532 219 ipsa
1542 171 1588 206 est
1596 174 1693 205 maior
1703 173 1811 206 minori
1820 197 1828 206 .
1855 176 1902 206 Ex
1910 169 1960 204 his
1968 170 2022 206 be-

270 240 301 267 te
307 229 504 275 consideratis
512 226 630 262 elicitur
633 225 754 273 fignum
766 235 850 259 omne
860 225 1015 258 inuentum
1026 225 1130 258 tamin
1140 223 1316 259 eccentrico‚
1325 219 1417 269 qudm
1424 222 1455 254 in
1466 218 1598 268 epicyclo
1607 222 1638 253 in
1648 221 1851 260 circinatione,
1859 232 1916 268 quo
1926 232 2024 254 remo·

270 283 320 315 im
328 293 346 314 a
357 281 462 314 maiori
472 278 654 322 longitudine
667 274 767 310 aberit
776 296 787 311 ,
797 284 832 308 eo
843 281 947 308 centro
959 282 1044 306 terrae
1053 271 1251 319 propinquius
1258 271 1400 315 ficturum
1407 291 1419 308 ,
1433 274 1476 309 (9·
1477 267 1565 315 signa
1574 290 1585 306 ,
1595 279 1657 316 quae
1674 268 1827 316 aqualiter
1837 271 1931 304 aiuvo
1940 268 2022 303 abe—

271 340 352 366 runt,
363 339 442 372 aque
456 328 546 360 etiam
557 338 575 359 a
584 334 669 359 terrae
676 332 778 360 centro
784 319 915 357 aberunt
923 345 933 356 .
960 327 1008 355 Ex
1015 320 1066 354 his
1077 318 1174 354 omnis
1182 328 1330 366 apparens
1336 327 1470 353 motuum
1478 316 1636 360 diuersitas
1645 316 1846 361 consideratur
1855 333 1867 353 .·
1873 297 1964 352 immo
1973 318 2022 351 his

272 373 524 422 obseruationibus
527 374 669 418 seruatur
685 382 786 407 eorum
795 393 807 410 ‚
816 381 878 418 qua
884 371 1025 404 uidentur
1032 391 1042 406 ‚
1054 367 1213 412 diuerfitas
1222 391 1232 401 .
1244 368 1308 401 ideo
1316 367 1407 414 qudm
1427 365 1588 411 cautiffime
1596 377 1632 400 ea
1649 363 1799 400 uocabula
1800 365 1872 409 funt
1909 375 2023 414 erpen-

271 428 376 463 denda‚
385 425 524 472 quoniam
532 426 572 457 ad
580 424 610 456 id
617 425 736 456 inuenta
737 419 810 464 sunt
817 441 827 457 ‚
838 428 872 453 ut
881 430 916 453 eo
923 440 934 456 ‚
947 430 1005 466 quo
1016 416 1164 465 poffiemus
1179 416 1267 450 modo
1275 437 1285 453 ‚
1295 413 1415 457 celestes
1421 427 1468 450 res
1476 437 1487 452 ,
1508 413 1644 463 earum&
1659 416 1805 449 motiones
1821 416 1875 450 dec
1907 426 2023 450 remus-.-

273 476 413 523 quoniam
422 483 516 520 neque
525 471 690 518 epicyclum
699 481 751 504 nec
761 471 862 515 iugum
873 490 881 505 ‚
893 479 946 501 nec
955 467 1089 511 deferens
1098 487 1109 504 ‚
1120 476 1174 500 nec
1182 463 1266 499 aliud
1284 465 1434 512 quippiam
1443 466 1473 498 in
1480 463 1552 498 coelo
1566 465 1733 498 inuenimm·
1740 487 1750 498 .
1776 468 1809 500 V
1808 465 1945 499 ideamus
1952 475 2023 511 ergo

272 535 332 572 qua
342 524 460 557 ratione
468 531 604 554 motuum
613 517 772 562 diuersitas·
784 516 1025 564 deprehendatur
1035 539 1044 549 .
1071 519 1233 549 statuatur
1243 512 1338 560 fidus
1351 514 1483 550 moueri,
1492 521 1584 558 atque
1593 526 1613 547 a
1615 513 1669 556 suo
1680 513 1845 547 eccentrico
1855 511 1920 556 fine
1927 514 2023 548 medio

272 573 379 616 deferri
388 593 398 610 ‚
409 569 480 605 licet
488 567 671 616 aquabiliter
672 567 761 613 super
764 565 819 610 fiio
829 573 932 599 centro
951 573 1107 597 moueatur
1116 585 1126 600 ‚
1135 572 1234 596 tamen
1244 571 1376 595 tenorem
1379 561 1466 604 sicum
1478 570 1596 596 mutare
1603 559 1754 596 uidebitur
1753 560 1840 607 signo
1848 560 1984 609 quolibet
1992 563 2023 595 in
2054 579 2066 603 1
2074 579 2099 604 ο

274 623 466 659 circinatione
474 627 601 654 mutato,
613 622 653 656 <y
664 618 704 650 ad
715 623 851 649 centrum
858 614 956 646 mundi
965 614 1080 646 uariam
1088 614 1234 645 rationem
1241 608 1367 644 babebit
1375 634 1385 644 .
1412 612 1504 654 Ratio
1528 609 1588 644 hac
1595 612 1694 658 optica
1710 609 1880 656 inlpefflone
1881 609 2023 654 seruatur

272 682 341 706 nam
349 669 419 704 licet
427 667 524 702 multa
535 664 671 713 aequabili
683 663 838 698 celeritate
847 673 952 695 mouea
957 670 1038 698 ntur,
1048 670 1148 694 tamen
1166 670 1229 707 qux
1238 659 1358 704 longius
1378 657 1493 701 abfhnt‚
1502 660 1597 692 minus
1604 658 1742 694 celeriter
1750 660 1862 692 moueri
1873 659 2021 696 uidentur,

271 719 362 768 queim
368 719 510 765 proxima
519 741 528 750 .
558 717 661 760 Qare
669 723 736 747 cum
740 710 879 757 syderum
890 708 1094 752 obseruatores
1102 709 1296 754 cognouerint
1319 707 1418 742 Solem
1428 709 1459 740 iii
1466 706 1586 750 diuersis
1593 705 1874 754 figniferipartibm
1881 728 1893 745 ‚
1902 705 2024 751 diuersis

273 766 371 803 modus
384 768 506 803 moueri,
519 775 586 798 cum
598 762 706 796 uellent
713 758 916 803 diuersitatem
925 757 1087 800 huiusmodi
1091 757 1215 800 seruare
1223 779 1234 794 ‚
1245 762 1286 795 (9-
1295 756 1404 790 nollent
1421 765 1484 790 tam
1492 757 1592 789 diuino
1601 757 1720 803 corpori
1729 764 1846 790 tantam
1853 754 2024 803 inaequabi-

274 818 392 852 litatem
400 814 532 850 tribuere
545 835 554 850 ,
562 811 663 859 plures
672 807 759 844 orbes
768 808 926 842 commenti
925 806 998 849 fimt
1006 828 1016 844 ,
1027 817 1152 853 quorum
1169 815 1272 839 centra
1288 816 1347 838 non
1354 803 1443 849 efflent
1461 805 1562 838 eodem
1581 803 1648 838 loco
1655 826 1667 842 ‚
1676 805 1706 838 in
1714 816 1774 851 quo
1781 813 1918 839 centrum
1924 803 2027 839 mundi

277 862 582 902 collocatur..Accidit
589 860 681 906 igitur
690 858 851 892 tardiorem
859 856 954 889 uideri
961 854 1077 902 'syderis
1084 863 1198 888 motum
1208 865 1275 888 cum
1281 855 1311 886 in
1319 855 1387 899 iugo
1400 852 1439 896 est
1447 875 1457 891 ‚
1465 852 1556 899 qudm
1562 851 1624 887 alio
1631 855 1662 887 in
1669 852 1735 887 loco
1744 854 1971 888 circinationisa
1978 854 2024 887 iu-

269 927 312 962 go
323 922 437 950 remoto
448 937 456 946 .
483 911 631 956 Qoniam
641 909 670 941 in
679 909 747 952 iugo
759 903 917 951 longiffime
925 902 1005 945 abeli
1013 902 1052 938 ab
1062 902 1146 938 orbis
1156 904 1252 937 medio
1268 911 1371 937 centro
1381 928 1391 937 .
1415 902 1471 936 Est
1481 907 1522 941 (φ
1529 900 1592 936 alia
1608 903 1638 935 in
1647 909 1730 936 motu
1736 900 1895 945 diuersitas
1905 915 1914 935 :
1924 900 2025 945 namsi

268 965 358 1011 erdus
365 961 405 997 ab
416 959 560 1009 epicyclo,
572 963 614 997 (φ
623 954 775 1004 epicycluc
783 965 802 988 a
824 954 1012 987 concentrico
1017 953 1138 996 feratur
1145 974 1156 990 ‚
1168 963 1225 985 non
1232 959 1392 998 propterea
1407 949 1531 995 ceffiiret
1547 949 1706 994 diuersitas
1719 972 1729 988 ‚
1742 952 1881 998 quoniam
1883 950 1976 998 sydus
1983 948 2024 986 ab

276 1022 404 1058 utroque
413 1012 443 1043 in
452 1011 590 1043 orientem
599 1005 731 1041 delatum
740 1002 864 1037 celerius
871 1003 986 1035 moueri
993 1002 1142 1035 uideretur
1149 1023 1159 1039 ‚
1171 999 1293 1047 qudmfi
1298 1013 1318 1034 a
1325 1001 1511 1034 concentrico
1512 997 1577 1041 solo
1580 999 1728 1043 ferretur,
1739 1005 1781 1039 Θ·
1787 1001 1818 1033 in
1828 998 1961 1046 epicyclo
1969 1007 2026 1034 aut

274 1061 437 1107 stationem,
446 1066 499 1092 aut
508 1051 801 1102 regressumfiiceret.
813 1062 882 1085 nam
889 1052 920 1084 in
927 1050 1067 1084 contuitu
1076 1061 1178 1083 earum
1187 1048 1333 1082 linearum
1342 1070 1352 1086 ‚
1363 1059 1426 1096 quae
1434 1061 1453 1082 a
1462 1058 1564 1082 centro
1572 1049 1766 1083 ducuntur-ad
1772 1047 1946 1094 epicyclum,
1957 1049 2025 1083 uide
2053 1071 2070 1095 2
2076 1070 2099 1095 ο

276 1121 327 1146 tur
332 1109 427 1157 sydus
436 1115 583 1154 quatenus
591 1103 631 1138 ad
639 1099 751 1149 epicycl
753 1102 763 1133 i
770 1109 884 1134 motum
887 1108 1020 1147 pertinet
1027 1120 1038 1136 ‚
1047 1100 1164 1145 uidetur
1172 1101 1291 1145 inquam
1295 1095 1376 1138 flare
1384 1119 1394 1134 ‚
1401 1096 1490 1140 sedin
1501 1097 1600 1130 altero
1608 1098 1810 1130 circinationis
1818 1089 1936 1131 dimidio
1943 1106 2024 1144 pro-

271 1161 370 1208 gredi,
382 1163 421 1196 &-
430 1159 460 1190 in
468 1154 564 1189 altero
579 1151 697 1198 regredi
707 1174 715 1183 .
725 1154 801 1183 Ecce
812 1146 991 1193 exemplum.
1004 1154 1114 1182 Currat
1124 1158 1220 1195 equus
1231 1148 1312 1181 circa
1321 1147 1448 1180 maximi
1455 1144 1561 1180 circuli
1570 1145 1729 1183 ambitum,
1738 1153 1906 1179 currentem
1916 1156 2025 1192 equum

277 1216 380 1244 cernat
388 1205 496 1254 aliquis
504 1212 592 1238 extra
602 1197 759 1245 longiffi'me
766 1196 806 1232 ab
817 1209 850 1231 eo
860 1195 974 1232 circulo
981 1194 1095 1239 absens,
1105 1205 1185 1230 certe
1191 1193 1247 1236 fiet
1253 1204 1288 1229 ut
1295 1196 1414 1229 interim
1421 1194 1523 1232 uelox,
1535 1195 1651 1228 interim
1660 1196 1959 1241 tardusmonnunqui
1965 1196 2027 1228 etia

277 1261 417 1292 immotus
425 1254 562 1288 uideatur
570 1273 580 1289 ,
586 1249 642 1293 fiet
649 1251 740 1282 etiam
749 1256 788 1281 vt
796 1247 945 1281 interdum
951 1246 1100 1292 progredi,
1110 1244 1188 1279 alia's
1195 1245 1312 1289 regredi
1318 1241 1619 1290 iudicetur,quamuis
1626 1241 1764 1290 aequabili
1771 1241 1857 1285 cursu
1867 1250 2026 1276 moueatur

279 1307 338 1341 hoc
347 1313 450 1340 autem
461 1302 571 1336 accidit
579 1311 598 1333 a
609 1296 714 1333 circuli
722 1305 829 1331 natura
840 1318 851 1333 ‚
861 1305 923 1343 quie
932 1297 987 1340 (ut
994 1296 1039 1328 ait
1045 1292 1144 1336 Arist.
1154 1295 1184 1327 in
1192 1291 1354 1335 mechan.)
1362 1294 1520 1338 contrariq's
1528 1292 1647 1328 confiat
1657 1316 1667 1326 .
1700 1297 1749 1326 lta
1753 1291 1845 1339 sydus
1853 1293 1883 1325 in
1892 1303 1967 1326 arcu
1969 1290 2026 1334 fit·

275 1355 388 1403 periori
396 1355 425 1387 in
435 1361 538 1386 earum
545 1348 690 1383 linearum
706 1345 848 1380 contafiu
855 1343 978 1387 firmum
985 1341 1135 1377 uidebitur
1144 1365 1153 1380 ‚
1164 1343 1369 1382 &immotum
1377 1338 1466 1374 nobis
1474 1362 1485 1378 ‚
1494 1343 1546 1387 qui
1553 1342 1583 1374 in
1599 1342 1657 1374 imo
1675 1339 1761 1386 longe
1774 1338 1909 1383 absentes
1915 1351 2026 1374 mora—

281 1415 348 1438 mur
364 1428 373 1438 .
386 1402 443 1437 Sed
451 1402 480 1434 in
489 1398 556 1434 loco
558 1397 674 1441 summo
683 1396 752 1440 iugo
761 1392 892 1441 oppofito
904 1391 1077 1436 uelociffime
1084 1392 1197 1425 moueri
1205 1388 1368 1434 cenfibitur
1375 1411 1386 1428 ‚
1401 1391 1480 1429 &in
1486 1389 1603 1432 fiimmo
1612 1391 1682 1435 iugo
1693 1390 1840 1424 interdum
1848 1389 1968 1423 tardirus
1976 1389 2025 1422 ui-

281 1451 400 1488 debitur
410 1475 419 1483 .
431 1449 487 1484 Sed
495 1450 525 1481 in
533 1457 607 1482 arcu
610 1443 737 1492 superno
745 1440 869 1489 epicycli
882 1439 945 1488 posi
953 1440 1121 1475 contaiium
1132 1451 1234 1474 earum
1242 1439 1385 1473 linearum
1392 1460 1404 1476 ,
1413 1440 1463 1472 Sol
1465 1437 1494 1481 fi
1510 1437 1673 1484 epicyclum
1684 1435 1812 1472 haberet
1821 1459 1831 1475 ,
1841 1442 1883 1477 (φ
1891 1441 1976 1472 Luna
1983 1433 2025 1471 ab

281 1503 394 1536 oriente
404 1501 433 1533 in
445 1497 626 1532 occidentem
635 1490 864 1536 deferentur.fi²d
871 1492 900 1523 in
908 1501 981 1523 arcu
989 1489 1101 1533 inferno
1110 1501 1129 1523 a
1138 1490 1285 1533 deferente
1305 1489 1484 1521 ducerentur
1494 1511 1503 1521 .
1529 1487 1586 1520 Sed
1591 1485 1654 1520 alia
1665 1486 1774 1533 indera
1783 1487 1951 1520 contrarios
1959 1485 2026 1520 ha—

281 1549 352 1585 bent
361 1556 460 1582 motus
469 1560 479 1579 .-
487 1544 556 1578 hinc
567 1541 616 1585 esi,
629 1541 708 1590 quod
716 1551 818 1574 eorum
827 1547 927 1573 motus
941 1537 1051 1585 duplici
1065 1539 1194 1572 motione
1203 1534 1316 1578 constat
1325 1557 1335 1573 ,
1342 1546 1470 1582 quarum
1477 1547 1537 1569 una
1550 1532 1588 1576 eft
1596 1533 1721 1582 epicycli
1728 1557 1738 1571 ,
1747 1533 1845 1568 altera
1863 1531 2026 1578 deferentis·
2077 1560 2102 1584 ο

281 1599 360 1648 quod
369 1596 488 1644 perinde
497 1591 546 1635 esi,
557 1590 628 1635 acsi
637 1591 702 1637 quis
710 1601 729 1623 a
740 1590 861 1622 trireme
871 1586 998 1621 ulterius
1004 1588 1142 1624 ducatur,
1151 1586 1208 1634 ipse
1219 1586 1337 1619 interim
1342 1593 1398 1631 per
1399 1583 1486 1628 foros
1493 1581 1714 1620 obambularet,
1725 1583 1801 1617 unde
1801 1581 1831 1627 fi
1840 1591 1892 1617 utr
1932 1593 1970 1616 ue
1976 1593 2026 1616 mo
2057 1560 2070 1595 3

282 1651 324 1683 tio
329 1646 371 1691 fit
381 1648 521 1680 orientem
531 1640 632 1683 uerfiis
642 1661 651 1677 ,
665 1647 736 1673 tunc
745 1636 837 1686 [ydus
853 1635 966 1683 duplici
983 1638 1111 1670 motione
1116 1634 1266 1682 perlatum
1283 1632 1421 1667 uelocius
1437 1630 1608 1666 mouebitur
1616 1653 1626 1669 ‚
1641 1633 1722 1678 quod
1737 1642 1795 1664 non
1797 1631 1883 1674 secus
1890 1595 1932 1672 ζῆ
1935 1651 1947 1668 ,
1957 1629 2028 1674 acsi

282 1699 349 1745 quis
357 1695 482 1729 ulterius
490 1703 509 1726 a
518 1692 640 1725 trireme
647 1685 776 1724 delatus,
786 1686 843 1734 ἱρῇ
853 1696 970 1733 quoque
979 1697 998 1718 a
1013 1686 1107 1732 puppi
1115 1685 1154 1718 ad
1158 1693 1282 1730 proram
1290 1680 1506 1716 deambulando
1520 1682 1691 1727 perueniret
1701 1704 1709 1712 .
1743 1685 1859 1715 Verum
1859 1678 1889 1723 fi
1900 1677 2027 1726 planeta

282 1745 437 1780 contraria
445 1740 559 1775 latione
569 1734 880 1783 aquabiliterferatur
888 1755 898 1771 ‚
908 1735 951 1767 ita
959 1742 994 1767 ut
1003 1740 1147 1779 quantum
1155 1743 1215 1766 una
1231 1730 1343 1765 latione
1347 1730 1560 1777 progrediatur
1567 1751 1578 1767 ‚
1587 1729 1760 1763 tantundem
1768 1727 1866 1762 altera
1874 1728 2028 1774 regredia-

283 1805 345 1832 tur,
357 1800 437 1828 certe
439 1790 520 1832 liare
527 1786 678 1822 uidebitur
689 1808 698 1823 ,
707 1783 777 1828 acsi
788 1786 855 1832 quis
864 1791 983 1816 tantum
994 1794 1013 1815 a
1017 1792 1112 1829 prora
1119 1782 1159 1815 ad
1162 1781 1287 1828 puppim
1295 1778 1467 1813 ambularet
1475 1800 1485 1817 ‚
1494 1786 1638 1825 quantum
1647 1776 1772 1812 ulterius
1779 1789 1799 1811 a
1807 1777 1928 1811 trireme
1935 1773 2028 1810 dela-

282 1853 332 1878 tus
341 1840 408 1886 effet
417 1837 512 1883 ‚sedsi
532 1834 760 1884 inaeqiialessunt
769 1834 913 1866 motiones
922 1853 932 1869 ,
942 1829 1066 1865 σείει-ιον
1075 1831 1173 1864 uincet
1189 1830 1264 1863 unde
1265 1827 1295 1872 si
1303 1828 1459 1872 deferentis
1466 1828 1558 1860 motio
1567 1825 1692 1860 celerior
1699 1828 1755 1860 erit
1769 1824 1860 1873 quim
1893 1822 2028 1872 epicycli,

277 1893 372 1940 sydus
381 1892 413 1923 in
423 1889 565 1923 orientem
566 1887 713 1930 ferretur,
717 1882 744 1927 fi
752 1880 792 1917 ab
802 1880 933 1930 epicyclo
943 1878 1070 1914 celerius
1080 1880 1203 1913 ducetur
1211 1900 1221 1915 ,
1231 1879 1259 1911 in
1268 1878 1449 1911 occidentem
1456 1873 1613 1910 delabetur
1621 1880 1663 1915 ζει·
1673 1874 1732 1909 bac
1739 1876 1856 1909 ratione
1863 1874 2029 1920 regrediens

283 1943 409 1976 dicetur,
419 1950 455 1972 ac
458 1935 487 1980 fi
495 1933 566 1983 quic
573 1935 669 1967 minus
678 1933 892 1978 regrederetur,
903 1940 994 1977 quam
1001 1941 1019 1962 a
1028 1929 1148 1962 trireme
1158 1926 1240 1963 ultra
1249 1925 1366 1960 delatus
1368 1925 1462 1970 foret,
1472 1922 1622 1958 uidebitur
1629 1932 1709 1958 certe
1717 1920 1949 1972 progredi‚sedsi
1955 1920 2025 1968 plus

285 1991 432 2023 innitatur
441 1983 537 2028 eurfiii
548 2005 558 2022 ‚
567 1982 682 2028 regredi
692 1979 842 2014 uidebitur
852 2000 861 2015 ‚
872 1980 948 2012 unde
954 1978 1054 2011 §tatus
1064 1982 1104 2016 (ᾐ-
1119 1974 1262 2022 regressus
1271 1976 1399 2022 quinque
1402 1970 1559 2020 syderibus
1565 1973 1688 2006 aduenit
1698 1974 1728 2006 in
1737 1983 1809 2006 arcu
1818 1971 1952 2016 inferiori
1958 1970 2029 2016 epi-

286 2037 374 2087 cycli,
384 2037 523 2084 quoniam
533 2032 578 2066 his
587 2030 663 2065 locu·
672 2028 712 2064 ab
723 2027 836 2076 epicylo
858 2034 962 2060 contra
973 2026 1131 2069 deferentis
1147 2025 1289 2058 lationem
1299 2023 1442 2067 feruntur
1456 2047 1466 2056 .
1489 2023 1619 2057 ,Accidit
1627 2029 1731 2055 autem
1745 2017 1895 2067 aliquibus
1910 2019 1940 2052 in
1955 2017 2030 2051 locis

286 2085 410 2134 epicycli
417 2085 576 2118 motionem
581 2089 684 2127 parem
695 2074 914 2125 effe‚aliquibus
921 2086 992 2109 uero
1001 2074 1180 2109 uelociorem
1195 2073 1323 2110 motione
1330 2072 1488 2116 differentis
1497 2095 1507 2104 .
1534 2070 1592 2104 Sed
1597 2068 1660 2104 Soli
1669 2075 1710 2109 ρῇ-
1721 2065 1903 2110 Lunaestatus
1909 2089 1921 2105 ‚
1930 2071 1972 2106 ρ’]-
1980 2077 2028 2100 re-
2055 2051 2104 2089 4⁰

280 2135 394 2182 greffiis
404 2133 533 2168 eueniret
543 2132 571 2164 in
581 2141 656 2164 arcu
658 2127 795 2175 supremo
808 2123 932 2172 epicycli
938 2146 948 2161 ‚
960 2134 1029 2157 nam
1037 2135 1071 2157 eo
1080 2122 1146 2157 loco
1163 2120 1311 2170 epicyclus
1328 2129 1432 2154 contra
1448 2119 1623 2164 deferentem
1637 2119 1743 2152 nititur
1751 2115 1819 2160 ‚sed
1825 2118 1966 2164 quoniam
1974 2125 2029 2148 nec

284 2197 351 2219 eum
359 2183 462 2219 uincit,
471 2180 573 2214 necilli
579 2188 637 2226 par
646 2175 684 2220 esi
691 2198 702 2214 ‚
711 2177 776 2210 ideo
786 2173 901 2213 Solu&
912 2178 1006 2208 iuriae,
1015 2184 1110 2220 neque
1113 2170 1313 2217 [iatusmeque
1321 2169 1466 2216 regressus
1472 2169 1539 2202 dari
1540 2166 1711 2216 solet,quod
1719 2171 1761 2206 &
1769 2165 1959 2201 Virr.innuit.
1965 2161 2027 2197 Soli

284 2235 377 2280 igitur
387 2239 440 2265 aut
449 2230 580 2273 deferens
589 2236 677 2261 extra
687 2232 887 2261 centrum‚aut
895 2220 1042 2270 epicyclus
1050 2232 1116 2255 cum
1132 2220 1318 2254 concentrico
1331 2217 1454 2252 dabitur
1463 2241 1473 2251 .
1483 2227 1553 2251 nam
1561 2215 1592 2260 fi
1599 2214 1654 2250 Sol
1663 2216 1693 2250 in
1701 2215 1895 2250 circinatione
1897 2211 2030 2260 fiiperna

287 2280 328 2316 ab
338 2282 460 2317 oriente,
468 2280 498 2311 in
506 2277 684 2314 occidentem
697 2274 810 2318 fertur,
821 2271 894 2316 &fi
904 2272 996 2305 motio
1007 2268 1131 2317 epicycli
1138 2278 1202 2307 tam
1204 2267 1312 2312 fimilis
1314 2266 1357 2310 fit
1366 2267 1490 2300 motioni
1497 2265 1655 2300 eccentrici
1662 2285 1673 2302 ‚
1682 2261 1772 2311 qudm
1779 2261 1962 2298 concentrici
1969 2282 1979 2298 ‚
1988 2264 2030 2300 &-

284 2339 426 2378 praterea
435 2327 536 2361 eadem
540 2324 582 2368 fit
591 2326 669 2357 ratio
679 2324 816 2357 diametri
825 2321 987 2355 eccentrici
997 2320 1036 2353 ad
1043 2320 1219 2353 diametrum
1227 2317 1406 2351 concentrici
1416 2337 1426 2353 ‚
1435 2325 1499 2362 qua
1507 2313 1546 2357 esi
1554 2313 1700 2348 interualli
1723 2320 1893 2346 centrorum
1901 2311 1940 2344 ad
1941 2308 2031 2352 semi-

286 2381 462 2413 diametrum
471 2372 605 2423 epicycli,
614 2381 714 2407 utrum
721 2369 866 2418 posueris,
880 2368 1072 2415 consequetur
1079 2368 1155 2401 idem
1164 2364 1305 2399 motionis
1315 2365 1462 2411 afflictius.
1471 2365 1529 2398 Sed
1535 2363 1675 2410 quoniam
1683 2361 1840 2396 eccentrici
1850 2359 1955 2393 modus
1964 2358 2031 2392 uni-

287 2441 324 2464 ca
333 2427 464 2461 motione
469 2431 626 2459 contentus
633 2419 672 2462 est
680 2443 690 2459 ,
699 2419 762 2455 ideo
771 2420 866 2464 magis
883 2418 1012 2461 adstitus
1020 2415 1058 2459 esi
1068 2438 1078 2454 ‚
1088 2414 1178 2462 queim
1184 2415 1289 2448 modus
1296 2413 1420 2461 epicycli
1431 2437 1441 2446 .
1467 2413 1537 2458 Qa
1545 2422 1616 2445 uero
1631 2411 1748 2445 ratione
1756 2417 1927 2444 centrorum
1935 2408 2029 2441 inter-
2086 2431 2090 2435 .

289 2477 361 2511 ualli
370 2498 380 2513 ‚
389 2479 430 2514 ύ-
440 2475 502 2520 iugi
509 2471 592 2506 locus
600 2467 792 2517 deprehensus
801 2466 839 2508 esi
846 2488 857 2504 ,
869 2468 965 2501 dicam
974 2464 1105 2500 breuiter
1114 2488 1124 2498 .
1149 2465 1290 2509 Qatuor
1295 2464 1459 2509 precipuas
1471 2468 1574 2507 partes
1590 2468 1734 2507 tanquam
1739 2457 1851 2506 puritia
1859 2458 1889 2491 in
1889 2454 2031 2502 figmfero

281 2523 440 2572 sumpsere,
449 2524 526 2557 dua
535 2518 716 2567 equinoflijs,
727 2513 938 2561 duacsblflitijs
953 2516 1058 2549 dedere
1075 2514 1179 2559 mediis
1187 2526 1199 2546 .·
1207 2524 1226 2546 a
1236 2513 1396 2545 motionum
1407 2532 1416 2548 ‚
1427 2515 1468 2550 (φ
1476 2518 1643 2556 temporum
1652 2505 1821 2542 interualla
1828 2527 1839 2544 ‚
1858 2512 2028 2540 centrorum

285 2576 423 2622 spatium,
433 2577 475 2612 (μ’
483 2572 544 2617 iugi
552 2569 652 2603 locum
658 2574 814 2614 percepere
824 2589 833 2598 .
844 2565 1042 2609 imaginemur
1049 2561 1145 2596 lineas
1153 2563 1241 2598 duas,
1251 2562 1379 2595 ducatur
1386 2558 1483 2594 altera
1492 2570 1511 2592 a
1523 2566 1626 2592 centro
1635 2553 1796 2601 deferentis·
1813 2552 1890 2589 Solis
1906 2553 1946 2586 ad
1955 2549 2032 2586 Solis

288 2631 436 2660 centrum,
446 2619 544 2654 altera
552 2628 631 2665 aeque
639 2615 745 2658 disians
754 2613 795 2649 ab
804 2611 886 2647 orbis
892 2620 994 2646 centro
1003 2613 1042 2645 ad
1044 2610 1217 2657 figniferum
1228 2632 1238 2647 ‚
1250 2620 1312 2657 quae
1319 2608 1397 2643 linea
1404 2609 1492 2653 mediq¹
1500 2615 1601 2641 motus
1607 2605 1773 2653 appellatur
1783 2628 1792 2637 .
1801 2610 1917 2638 certum
1925 2598 1962 2643 esi
1972 2599 2032 2634 has

289 2674 367 2706 duaa
375 2670 471 2704 lineas
479 2668 602 2702 eundem
617 2674 748 2700 tenorem
749 2662 928 2706 Jeruaturac
937 2684 946 2699 ,
956 2662 1024 2694 dum
1033 2662 1062 2693 in
1077 2658 1179 2693 orbem
1194 2657 1354 2692 uoluentur
1364 2681 1373 2690 .
1400 2657 1549 2701 Qoniam
1566 2654 1644 2688 linea
1652 2655 1716 2688 ueri
1730 2660 1828 2687 motus
1842 2650 1888 2686 efl
1895 2661 1942 2688 ea,
1946 2659 2007 2696 quae
2013 2659 2034 2682 a

291 2729 393 2756 centro
402 2715 533 2761 vniuerfi
544 2739 554 2754 ,
564 2721 604 2754 &⁸
615 2713 692 2750 Solis
701 2720 837 2748 centrum
845 2710 933 2757 usque
941 2710 983 2743 ad
992 2708 1166 2754 signiferum
1170 2708 1270 2754 pertin
1267 2708 1317 2752 git
1325 2728 1335 2743 ‚
1346 2711 1386 2744 (φ-
1395 2717 1485 2740 arcus
1502 2706 1682 2749 interceptus
1699 2703 1776 2736 inter
1783 2699 1891 2734 lineam
1899 2700 1980 2735 ueri,
1992 2701 2034 2736 &¹

291 2769 400 2803 lineam
407 2767 493 2812 medij
503 2773 602 2799 motus
611 2764 736 2809 aquatio
745 2759 826 2795 Solis·
837 2761 946 2794 dicitur
954 2779 965 2796 ,
975 2768 1038 2805 quae
1057 2762 1098 2795 &-
1116 2758 1146 2790 in
1166 2758 1234 2801 iugo
1245 2777 1256 2793 ,
1267 2761 1308 2794 (φ
1325 2756 1355 2788 iii
1374 2755 1508 2799 antiiugo
1525 2752 1605 2786 nulla
1613 2751 1659 2786 est
1668 2772 1679 2788 ‚
1688 2759 1819 2797 utraque
1837 2750 1913 2783 enim
1919 2745 1996 2781 linea
2004 2746 2034 2778 in

292 2828 382 2852 unam
399 2818 459 2851 coit
470 2841 476 2848 .
482 2814 534 2858 Jed
549 2815 579 2847 in
595 2813 698 2858 medijs
715 2806 948 2856 longitudinibus
963 2807 1097 2840 maxima
1112 2805 1158 2839 τῆ
1173 2805 1365 2851 proportione
1371 2802 1437 2846 ‚sed
1452 2803 1482 2835 in
1491 2799 1584 2846 signis
1598 2811 1677 2846 aeque
1684 2811 1704 2833 a
1721 2800 1790 2844 iugo
1803 2792 1984 2832 distantibus
1997 2804 2035 2827 ὠ-

293 2867 448 2913 quationes
457 2861 615 2911 aequabiles
629 2860 700 2903 sunt
709 2881 720 2897 ‚
729 2865 771 2898 (9-
779 2866 864 2892 tanto
872 2858 999 2891 maiores
1008 2876 1018 2892 ‚
1034 2862 1147 2902 quanto
1163 2852 1340 2898 longitudini
1352 2852 1451 2885 media
1463 2850 1619 2884 uiciniores
1634 2845 1784 2882 habentur
1795 2871 1806 2881 .
1830 2845 1956 2881 Medius
1963 2853 2037 2889 eigo

292 2924 395 2948 motus·
403 2911 443 2946 ab
450 2909 575 2948 Arietis
583 2911 666 2944 initio
674 2911 760 2943 iuxta
765 2906 917 2953 signorum
927 2905 1056 2938 ordinem
1064 2902 1153 2949 usque
1171 2903 1211 2935 ad
1217 2900 1325 2934 lineam
1335 2901 1423 2946 medii
1448 2907 1551 2932 motus
1563 2897 1755 2944 progreditur
1763 2917 1775 2933 ,
1793 2891 2037 2943 quemadmodum

294 2975 336 2997 ex
343 2963 445 2997 eodem
453 2961 518 2994 loco
526 2981 537 2996 ‚
548 2965 589 2998 &⁴
597 2970 684 2992 uerus
694 2964 792 2990 motus
800 2955 888 3001 usque
899 2955 938 2987 ad
947 2953 1054 2986 lineam
1064 2953 1128 2984 ueri
1136 2960 1235 2984 motus
1244 2949 1375 2993 defertur
1384 2973 1394 2982 .
1406 2948 1481 2982 unde
1489 2945 1567 2981 Solis
1577 2940 1978 2991 argumentmnaefifignifttri
1985 2951 2037 2973 ar·

296 3022 353 3046 cuc
361 3013 544 3056 interceptus
553 3009 630 3040 inter
646 3006 753 3039 lineam
762 3006 823 3050 iugi
831 3003 991 3038 eccentrici
997 3002 1084 3035 iuxta
1088 2998 1240 3046 fignorum
1248 3000 1389 3035 ordinem,
1398 3002 1439 3036 &-
1447 2995 1555 3030 lineam
1563 2995 1651 3040 medij
1658 3002 1774 3030 metue,
1785 3000 1878 3039 atque
1887 2991 1933 3024 ita
1940 2989 2040 3022 nomi-

295 3068 387 3097 natur
393 3081 404 3098 ‚
412 3067 551 3107 quoniam
559 3064 801 3103 argumentamur
808 3051 849 3088 ab
858 3064 891 3087 eo
900 3051 1075 3098 aquationis
1082 3047 1234 3096 angulum,
1243 3048 1321 3096 quod
1328 3047 1385 3085 eii,
1394 3046 1501 3082 cumin
1503 3041 1688 3089 semicirculo
1701 3041 1844 3091 inferiori.
1854 3038 1933 3073 linea
1948 3037 2017 3070 med
2019 3036 2040 3082 ij
2066 3025 2114 3059 ⁶⁰

1935 3093 2038 3121 motu&
