2241 3318
320 99 387 133 114
980 66 1303 105 LIBER

314 161 541 206 {iannfi‘daeque
550 152 664 199 craffas
672 147 876 197 eslefiiperiori
889 151 978 192 parte
987 141 1104 179 debere,
1118 148 1210 187 atque
1218 137 1350 183 inferiori
1363 159 1373 170 .
1413 133 1609 179 obseruatum
1617 134 1697 168 enim
1705 130 1743 174 est
1752 133 1782 176 id
1787 130 1986 180 pulcherrime
1994 130 2073 176 aspa,-

317 213 377 247 {3'11‘
385 209 564 256 respondere.
579 209 615 240 A
617 205 635 236 d
646 196 889 248 perpendiculum
897 194 986 237 medis
993 191 1086 226 centri
1096 185 1294 228 collocare‚esl
1299 183 1575 234 perpendicularem
1593 182 1640 218 col
1643 193 1734 216 umnae
1744 183 1843 216 medix
1848 180 1940 228 fiapra
1950 182 2075 216 diame-‚

310 239 367 306 stri
376 263 499 293 medimu
506 253 646 302 punctum
661 249 822 286 cadere‚ita
839 254 873 279 ut
876 242 904 289 fi
913 240 993 278 orbis
1005 241 1144 276 ducatur,
1155 239 1208 285 qui
1215 237 1266 271 imi
1268 235 1353 282 scapi
1379 234 1567 274 circinationi
1583 231 1769 278 respondeat,
1779 233 1850 264 item
1868 236 1908 270 &⁴
1919 228 2013 267 alius,
2023 229 2074 276 qui

316 311 408 345 munii
420 307 505 352 jcapi
514 301 739 338 circinationem
749 297 872 340 referat,
890 291 1019 341 punt'lus
1028 291 1058 323 in
1068 299 1156 336 quem
1164 286 1245 321 cadit
1263 283 1340 319 linea
1356 280 1608 331 perpendicularis
1615 303 1626 318 ‚
1636 291 1714 327 teque
1730 278 1812 321 distet
1819 291 1839 312 a
1856 278 1939 312 lineis
1955 279 2074 321 illarum

320 357 544 393 circinatiommi
557 349 665 396 ,fintq';
675 348 716 382 illi
724 343 827 382 circuli
865 353 943 391 aque
953 338 1088 384 distantes
1096 359 1106 376 ‚
1117 336 1196 384 quod
1204 345 1261 368 non
1271 336 1328 368 erit
1335 335 1364 367 in
1384 328 1578 378 angularibus
1586 353 1597 369 ‚
1606 337 1773 379 qusaparte
1789 329 1921 362 interiori
1937 339 1994 361 mm
2002 338 2074 363 con„

319 405 478 442 trahentur
489 426 498 435 .

419 505 470 538 A.
494 498 644 547 plinthus.
703 501 738 531 Β.
759 493 858 538 scotia
870 491 1003 535 inferior.
1053 493 1089 522 Β.
1108 482 1352 530 ftotiafiiperior.
1404 486 1438 516 C.
1465 486 1565 520 toruis.
1615 485 1656 520 D.
1670 465 1979 530 qudraapsphygis,

421 562 451 584 ο.
474 558 611 641 1ῗητνιυνι
620 542 804 595 apophygi's.
866 552 882 575 e
901 541 931 586 f.
957 541 1078 585 Signum
1086 533 1138 570 ubi
1156 531 1476 578 decuffiztiofizcienda.
1531 539 1563 562 2.
1599 525 1784 576 upercilium.

421 604 436 644 Ξ
460 611 478 632 a
502 596 612 645 ragali-

387 1758 486 1792 SCAP
494 1769 506 1792 1
516 1769 530 1790 s
559 1755 783 1790 columnarum
812 1752 938 1790 statutis
947 1777 957 1794 ,
966 1752 1184 1798 capitulorum
1207 1749 1289 1784 ratio
1299 1749 1320 1783 fi
1343 1749 1420 1796 palu
1428 1749 1513 1783 inata
1521 1757 1616 1782 erunt
1631 1747 1681 1782 his
1692 1744 1877 1794 symmetrijs
1885 1769 1895 1784 ,
1905 1743 2097 1780 conforma·

337 1807 459 1842 buntur
468 1831 478 1846 ,
489 1806 535 1840 uti
550 1804 647 1852 quam
660 1802 777 1839 crassus
787 1805 872 1839 imus
880 1802 989 1850 scapus
1000 1800 1106 1841 fuerit,
1117 1800 1224 1836 addita
1235 1799 1350 1833 octaua
1361 1797 1486 1831 decima
1495 1807 1596 1842 parte,
1603 1795 1720 1830 abacus
1730 1795 1842 1830 habeat
1853 1794 2097 1842 longitudinem

338 1860 371 1890 δι
382 1856 597 1892 latitudinem,
607 1850 845 1887 crassitudinem
856 1864 930 1886 cum
939 1852 1059 1885 uolutis
1071 1852 1136 1885 eius
1145 1848 1310 1884 dimidiam
1321 1872 1329 1881 .
1358 1844 1591 1882 Recedendum
1603 1856 1710 1878 autem
1728 1843 1773 1879 est
1783 1844 1821 1878 ab
1831 1855 1976 1879 extremo
1995 1843 2098 1877 abaco

338 1905 567 1940 inintcriorem
580 1912 701 1949 partem
712 1898 874 1935 frontibus
893 1902 1078 1933 volutarum
1098 1909 1186 1946 parte
1197 1894 1460 1943 duodeuigefima
1474 1916 1485 1932 ,
1496 1897 1528 1928 &
1539 1894 1615 1938 eius]
1625 1892 1758 1928 dimidia
1767 1908 1776 1935 ;
1789 1896 1821 1928 &
1831 1892 2005 1927 secundum
2021 1891 2098 1926 abo.-

340 1954 461 1989 cumin
472 1962 613 1999 quatuor
623 1948 764 1997 partibus
777 1949 964 1983 uolutarum
974 1946 1148 1981 secundum
1160 1945 1294 1979 extremi
1304 1944 1393 1978 abaci
1403 1942 1557 1990 quadram
1567 1943 1655 1976 lineae
1668 1941 1886 1979 demittendae,
1897 1953 1968 1988 quae
1978 1939 2098 1975 catheti

341 2012 581 2049 nuncupantur.
590 2000 687 2033 Tunc
700 1995 876 2032 crassitudo
888 1995 1060 2030 diuidenda
1070 1994 1156 2028 estin
1166 2004 1271 2040 partes
1281 2004 1414 2031 nouem,
1426 1994 1458 2026 &
1469 1990 1636 2025 dimidiam
1646 2005 1658 2031 ;
1668 2002 1705 2023 ex
1716 2002 1837 2024 nouem
1849 1989 2037 2035 partibus,&
2048 1987 2098 2022 di-

343 2051 443 2086 midia
453 2063 515 2084 una
525 2061 606 2095 pars,
617 2051 649 2082 δι
660 2047 791 2082 dimidia
805 2045 893 2080 abaci
904 2042 1106 2078 crassitudini
1119 2044 1315 2089 relinquatur
1327 2064 1336 2080 ,
1345 2044 1376 2076 &
1388 2053 1424 2075 ex
1436 2040 1565 2086 reliquis
1583 2039 1661 2072 octo
1679 2039 1798 2072 uolutae
1815 2035 2063 2072 constituantur.

391 2105 487 2145 Nunc
495 2099 535 2132 ad
544 2096 675 2144 capitula
681 2104 860 2143 peruentum
869 2095 925 2129 est.
934 2105 969 2127 ea
972 2093 1094 2136 summis
1112 2091 1317 2126 columnarum
1322 2089 1421 2136 scapis
1428 2083 1618 2136 imponuntur
1627 2109 1637 2125 ‚
1646 2085 1686 2122 ab
1694 2085 1768 2135 εἰκῇ·
1774 2098 1870 2132 genus
1876 2085 1997 2129 fhbricae
2005 2097 2098 2120 uoca-

341 2148 447 2183 bulum
457 2148 549 2190 sumit
559 2145 643 2188 .Junt
664 2146 739 2179 enim
754 2145 846 2179 Ionici
863 2144 981 2189 generis
998 2142 1129 2189 quadam
1152 2138 1192 2174 ab
1202 2138 1322 2174 Ionibus
1340 2141 1460 2172 inuenta
1469 2153 1481 2178 ;
1491 2138 1623 2185 quadam
1634 2137 1789 2181 Corinthu,
1803 2137 1839 2169 de
1852 2134 1960 2183 quibus
1969 2137 2098 2170 dicemus

343 2195 442 2246 postea
453 2196 602 2243 3quaedam
618 2195 732 2230 Dorici,
744 2198 785 2232 &⁸
795 2194 928 2239 quaedam
937 2191 1098 2234 Tuscanici,
1108 2197 1213 2237 praeter
1221 2187 1283 2222 alia
1293 2185 1618 2233 compofitigeneris,de
1627 2183 1790 2233 quibussuo
1799 2185 1865 2218 loco
1876 2210 1885 2217 .
1913 2185 2099 2219 conueniunt

346 2246 445 2279 omnia
457 2242 596 2290 capitula
605 2243 684 2289 quod
695 2250 783 2288 parte
785 2241 931 2288 ficperiori
939 2238 1068 2274 abacum
1077 2236 1188 2272 habent
1197 2253 1209 2278 ;
1219 2235 1257 2278 esl
1264 2238 1340 2270 enim
1349 2234 1463 2270 abacus
1472 2245 1617 2282 tanquam
1624 2235 1773 2281 quadrata
1786 2231 1905 2272 tabula,
1915 2232 2000 2267 uelut
2010 2241 2098 2280 oper-

348 2294 450 2329 culum
459 2289 610 2338 stipitibus
621 2290 827 2324 columnarum
839 2288 986 2336 impofita5
999 2287 1095 2333 vulgo
1103 2287 1211 2321 dadum
1219 2298 1239 2319 a
1241 2286 1354 2328 forma,
1369 2296 1541 2331 quanquam
1548 2285 1708 2330 improprie
1715 2291 1826 2316 uocant
1838 2306 1847 2316 .
1873 2283 2006 2317 Ionicum
2015 2281 2099 2327 capi-

348 2341 447 2378 tulum
454 2341 641 2389 puluinatum
648 2349 766 2385 quoque
773 2347 973 2384 nuncupatur,
985 2349 1005 2371 a
1016 2334 1183 2371 tumoribus
1192 2332 1300 2382 quibus
1309 2334 1358 2367 illa
1363 2335 1462 2377 forma
1472 2330 1816 2379 turget,uelutipuluini:
1826 2333 1897 2365 Eius
1911 2329 2098 2378 partesfimts

348 2390 474 2428 abacus,
483 2388 604 2425 voluta,
614 2390 786 2434 cymatium,
794 2387 923 2433 quadrae,
933 2394 1090 2422 tetrantes,
1101 2383 1225 2420 catheti,
1236 2381 1350 2419 oculus,
1362 2381 1439 2416 oculi
1453 2391 1607 2418 centrum,
1618 2379 1748 2418 canales,
1761 2378 1877 2414 balthei
1891 2378 2097 2427 palummum,

349 2451 425 2473 axes
433 2437 619 2475 uolutarum,
631 2446 757 2484 quorum
768 2436 916 2468 nominum
927 2436 1005 2468 ratio
1015 2437 1058 2468 ita
1070 2431 1252 2467 declaratur.
1264 2437 1310 2465 De
1319 2429 1414 2464 abaco
1425 2452 1435 2468 ,
1445 2432 1507 2464 iam
1515 2432 1645 2464 diximus
1655 2451 1664 2467 ‚
1674 2430 1755 2476 quod
1772 2434 1814 2468 <sy
1823 2426 1994 2476 operculum
2003 2427 2098 2460 nomi-

349 2497 452 2522 natur.
464 2493 495 2523 V
497 2485 610 2520 olutam
619 2484 706 2527 nostri
718 2485 911 2520 cartoccium,
922 2488 962 2522 ὠ-
971 2482 1105 2516 uolutam
1114 2492 1232 2528 quoque
1240 2481 1353 2517 dicunt,
1355 2478 1411 2521 sed
1419 2481 1601 2513 cartoccium
1608 2491 1628 2512 a
1630 2478 1733 2522 forma
1741 2477 1813 2512 licet
1819 2479 1849 2511 in
1877 2476 2028 2523 roprienvt
2035 2472 2098 2508 alia

352 2536 460 2571 multa.
486 2541 517 2572 V
519 2533 623 2570 olutas·
636 2542 736 2568 autem
743 2538 774 2568 V
775 2534 826 2566 itr.
837 2531 976 2578 sumptaa·
988 2531 1116 2565 ostendit
1127 2542 1147 2563 a
1164 2529 1341 2575 capillatura
1351 2526 1537 2566 muliebri,ut
1545 2526 1675 2562 habetur
1679 2526 1817 2573 sequenti
1824 2486 1913 2561 lilio,
1924 2525 2020 2570 inqua
2032 2524 2095 2557 cin-

353 2587 470 2624 cini‚&
480 2583 637 2618 inuolucra
647 2583 819 2629 capillorum
828 2588 1005 2614 cernuntur.
1031 2580 1195 2625 Cymatium
1204 2583 1335 2612 Gracum
1345 2587 1450 2611 nomen
1459 2575 1859 2621 midulamfignificat‚tumet
1867 2574 1943 2606 enim
1953 2580 2099 2618 tanquam

351 2635 441 2671 unda,
455 2639 496 2672 (9-
503 2631 643 2679 puluinus
653 2632 782 2666 uidetur.
797 2630 853 2663 Sed
860 2631 889 2663 in
897 2626 1026 2674 capitulo
1034 2629 1146 2661 Dorico
1156 2625 1277 2660 echinus
1285 2627 1392 2659 dicitur
1405 2647 1415 2663 ,
1450 2627 1500 2658 uia
1509 2635 1544 2658 ea
1550 2634 1622 2671 pars
1631 2623 1741 2658 echinis
1763 2621 1968 2664 castanearum
1980 2620 2099 2667 sculpta

353 2681 543 2718 cernebatur.
553 2682 638 2716 Vnde
647 2686 677 2716 V
678 2677 809 2713 itr.libro
818 2686 926 2725 quarto
935 2678 1041 2723 inquit,
1069 2679 1082 2719 {
1095 2680 1135 2715 (φ
1146 2673 1285 2722 encarpis
1292 2684 1346 2722 pro
1357 2637 1490 2708 crinibus
1499 2672 1636 2719 dispofitis
1649 2673 1764 2715 frontes
1781 2671 1984 2711 ornauerunt}
2017 2671 2098 2704 circa

300 2763 303 2766 .
354 2733 517 2778 cymatium
526 2729 635 2764 voluta
645 2728 749 2762 leniter
760 2725 933 2763 inuoluitur,
951 2730 991 2764 ό*
999 2727 1064 2758 eim
1074 2725 1192 2758 duritiei
1201 2724 1302 2757 cedere
1312 2724 1433 2757 uidetur
1442 2744 1452 2760 ‚
1463 2724 1543 2769 quod
1557 2721 1849 2755 animaduertendum
1867 2717 1905 2759 esl
1922 2720 1951 2752 in
1971 2720 2038 2752 eim·
2047 2719 2098 2752 de-

349 2781 520 2825 scriptione,
532 2789 599 2812 nam
611 2778 735 2825 cymatij
743 2772 943 2818 terminos-jub
953 2772 1013 2821 ipfiz
1021 2772 1124 2807 uoluta
1136 2773 1229 2806 nudos
1237 2771 1465 2817 defignauimm‚
1478 2771 1580 2804 deinde
1587 2769 1691 2803 uoluta
1710 2769 1899 2802 circundatos
1908 2792 1917 2801 .
1934 2767 2077 2812 Qadras
2085 2785 2097 2803 s

356 2837 485 2874 quartas
497 2829 625 2860 omnium
636 2837 734 2861 rerum
745 2835 902 2859 uocatum.
913 2828 955 2862 ἕν
965 2830 1111 2856 tetrantes
1119 2822 1209 2854 etiam
1217 2822 1292 2854 idem
1296 2819 1466 2865 significant
1476 2841 1486 2856 ,
1497 2824 1537 2858 «73-
1547 2827 1643 2852 totum
1652 2819 1742 2851 etiam
1751 2819 1931 2864 quadratum
1940 2839 1950 2849 .
1978 2814 2099 2850 catheti

349 2875 420 2920 sunt
429 2874 508 2908 linea
515 2876 554 2908 ad
564 2873 803 2922 perpendiculum
811 2872 945 2916 demiffit.
957 2870 1068 2907 Oculus
1075 2868 1194 2909 uolutat,
1203 2868 1369 2916 centrumq;
1380 2867 1459 2903 oculi
1467 2869 1538 2914 quid
1541 2866 1584 2910 fit
1593 2878 1632 2900 ex
1640 2865 1700 2914 ipsa
1717 2865 1910 2913 descriptione
1924 2867 1986 2899 iam
1994 2872 2098 2897 notum

357 2926 427 2958 erit.
439 2925 482 2957 ita
490 2936 509 2956 a
513 2923 706 2966 fimilitudine
714 2922 757 2956 hae
763 2934 812 2956 res
819 2923 968 2958 dicuntur,
979 2919 1226 2968 quemadmodum
1234 2917 1348 2953 canalis
1364 2940 1374 2955 ,
1386 2923 1428 2956 όν
1437 2915 1551 2950 balthei
1557 2914 1750 2962 puluinorum
1761 2937 1771 2952 ,
1783 2920 1825 2954 Θ
1831 2925 1908 2949 axes
1915 2912 2097 2948 uolutarum,

359 2979 402 3012 (9-
417 2971 479 3006 alia
489 2971 653 3014 huiufinodi
662 2996 671 3005 .
682 2970 872 3005 Inuolucrum
880 2971 957 3004 enim
965 2969 1035 3003 illud
1045 2968 1213 3005 rotundum,
1223 2976 1366 3015 tanquam
1374 2965 1522 3012 puluinus,
1531 2977 1551 2998 a
1561 2966 1645 2998 cuius
1655 2964 1749 2998 latere
1758 2958 2098 3008 baltheuprofrontibuct

358 3021 493 3060 oculus‚a
499 3021 584 3056 cuius
594 3027 694 3054 centro
703 3019 743 3053 ad
749 3017 840 3053 aliam
847 3027 966 3065 partem
974 3017 1082 3053 lineam
1088 3017 1295 3061 imaginamur,
1306 3027 1368 3064 quae
1378 3012 1562 3050 axisuolutae
1569 3012 1800 3058 nominatum-sed
1807 3012 1865 3047 hoc
1875 3010 1942 3045 loco
1951 3018 2018 3044 tota
2026 3021 2097 3090 oeq-

2083 3068 2095 3090 t

2111 559 2155 585 10

2117 1050 2163 1076 20

2126 1541 2172 1577 30

2126 2036 2174 2072 49

2127 3010 2173 3042 60
