2241 3318
293 86 365 124 244
1021 70 1341 111 LIBER

287 150 363 188 ebra
373 169 382 187 ‚
391 144 472 183 tituli
481 167 491 184 ,
501 143 639 179 columna
647 162 657 179 ‚
667 150 794 188 quarum
809 149 909 174 rerum
917 138 1124 186 desti-iptiones
1133 159 1143 177 ,
1157 150 1197 173 ex
1207 145 1343 171 ueterum
1359 141 1556 173 monumentis
1571 138 1722 186 definnptae
1730 161 1741 178 ,
1750 139 1811 174 iam
1820 143 1900 188 typis
1919 142 2041 186 excusi,

287 197 424 235 omnibus
433 192 576 235 notaefimt
585 213 595 229 ,
605 192 640 225 de
648 187 758 236 quibus
766 190 857 224 etiam
865 187 997 227 Albert.
1006 187 1061 223 lib.
1070 199 1159 224 nono.
1169 189 1204 223 de
1213 184 1369 222 coloribus
1391 196 1496 222 autem
1503 210 1514 226 ‚
1526 189 1561 223 de
1568 186 1677 236 quilius
1684 191 1750 235 agit
1758 195 1789 225 V
1789 191 1862 225 itru.
1874 189 1932 227 hoc
1941 194 2041 241 capite

287 244 450 297 poste-afim
459 242 524 276 loco
534 241 642 274 dicam.

441 362 528 416 De
538 375 784 421 marmore,
797 357 1016 436 quomodo
1020 368 1218 434 paretur
1227 354 1297 411 ad
1301 359 1508 412 ultoria.
1628 360 1737 434 Cap.
1791 361 1841 414 V
1843 361 1880 415 I.

346 501 466 533 saer—:—
484 486 624 522 Ακινιοκ
651 497 720 520 non
729 484 846 520 eodem
856 497 973 533 genere
983 484 1135 520 omnibus
1152 482 1341 530 regionibus
1349 493 1535 531 procreatur
1544 505 1554 522 ,
1568 479 1619 518 sed
1631 483 1819 531 quibusdam
1831 485 1910 520 locis
1919 485 2038 534 glebae,

357 512 427 567 ᾗ
446 537 467 581 ξ
511 543 566 577 (ut
578 533 669 577 salis)
683 534 782 569 micas
792 534 972 580 perlucidas
981 534 1130 568 habentes
1142 532 1330 570 nascuntur,
1341 544 1410 579 quae
1420 531 1558 566 contusae
1568 554 1578 572 ,
1588 536 1619 567 &
1631 532 1754 568 molitae
1765 533 1911 581 praestant
1931 536 2037 570 tecto-

355 617 364 627 ,
448 582 469 626 ΙΞ
511 584 576 628 rijS,
586 587 617 617 δι
627 584 806 627 coronarijs
815 583 967 630 operibus
979 583 1160 617 utilitatem.
1171 581 1302 628 Qibus
1311 592 1418 615 autem
1427 582 1508 615 locis
1516 582 1562 616 hae
1579 582 1682 627 copiae
1692 595 1759 617 non
1792 581 1864 617 sunt
1881 596 2037 619 caementa

311 628 471 676 i—,2—²{
513 645 703 670 marmorea,
713 630 776 666 srue
785 630 884 666 alsulae
893 631 1056 669 dicuntur,
1067 643 1137 677 quae
1149 631 1347 673 marmorarij
1359 641 1395 663 ex
1410 629 1562 676 operibus
1573 630 1726 674 deijciunt
1737 654 1746 670 ,
1757 632 1827 678 pilis
1838 630 1945 666 ferreis
1954 645 2036 667 con-

288 681 483 720 tunduntur,
495 681 641 728 cribrisc'l;
652 691 878 715 excernuntur.
890 680 944 714 1².ae
962 691 1070 714 autem
1080 680 1221 713 excretiae
1233 678 1334 712 tribus
1344 678 1513 726 generibus
1523 675 1729 724 seponuntur,
1739 683 1769 713 ἃ
1781 691 1850 725 quae
1862 692 1932 726 pars
1942 692 2038 727 gran-

288 731 363 765 dior
374 729 480 768 fuerit,
492 726 791 777 (quemadmodum
803 727 896 774 supra
915 726 1064 775 scripturn
1078 727 1287 767 est,)arenato
1298 729 1440 774 primum
1451 730 1490 760 εὖ
1509 728 1593 761 calce
1601 728 1777 766 inducitur,
1787 728 1902 762 deinde
1912 726 2036 775 seque's,

287 792 326 815 ac
337 779 445 818 tertio,
455 791 526 826 quae
539 777 682 812 subtilior
691 775 787 811 fuerit
799 802 808 811 .
837 776 970 823 Qibus
979 777 1130 814 induetis,
1140 779 1172 810 &
1190 775 1336 823 diligenti
1347 776 1561 809 tedoriorum
1571 775 1739 810 fricatione
1758 776 1967 823 laeuigatis‚de
1978 790 2036 811 co-

288 828 410 863 loribus
423 829 503 862 ratio
519 826 688 864 habeatur,
699 825 746 860 uti
785 826 885 873 inthis
903 827 1104 874 perlucentes
1122 824 1260 861 habeant
1275 823 1458 872 splendores
1468 836 1630 872 ‚quorum
1647 824 1714 860 haec
1733 825 1793 859 crit
1808 824 1985 861 differentia
2003 829 2038 861 δε

286 887 453 924 apparatio
467 901 476 910 .

284 948 287 951 -
335 935 431 975 Supra
440 927 613 960 mentionem
616 926 732 969 fecerat
744 927 778 960 de
787 933 922 963 amiato,
933 929 1176 964 &marmoratm
1186 922 1228 957 nil
1233 931 1334 957 antem
1343 923 1485 958 docuerat
1502 934 1562 970 qua
1579 925 1694 958 ratione
1707 935 1838 958 marmor
1853 925 1895 958 ad
1909 923 2037 959 tetf't'oria

289 984 495 1026 raepararetnr
504 989 515 1009 :
523 986 559 1009 ne
568 977 659 1021 igitur
669 975 698 1009 id
707 973 923 1019 desideraretur
931 973 988 1008 hoc
1002 973 1067 1010 loco
1087 972 1231 1021 explicat.
1235 971 1338 1016 facilis
1348 971 1436 1006 huius
1444 974 1522 1006 ratio
1532 970 1570 1014 eft
1577 994 1588 1010 ‚
1597 978 1663 1012 &a
1671 978 1752 1008 Vitr.
1761 972 1839 1016 satis
1854 974 2008 1021 expedita.

2070 569 2147 600 10,

2062 1061 2113 1086 -20

440 1093 527 1148 De
539 1091 771 1154 coloribus,
786 1088 851 1150 Εἴ
848 1094 1060 1168 primum
1072 1089 1128 1146 de
1143 1089 1296 1146 ochra.
1552 1093 1658 1166 Cap.
1761 1095 1808 1149 V
1812 1094 1845 1146 I
1846 1091 1882 1146 I.

366 1232 418 1264 ij
490 1218 648 1254 Omnes
678 1219 730 1264 alij
742 1216 831 1257 sunt,
842 1220 897 1266 qui
908 1218 1002 1266 perse
1014 1215 1108 1254 certis
1132 1217 1217 1252 locis
1238 1219 1509 1265 procreantium&
1526 1216 1600 1251 inde
1613 1215 1809 1255 fodiuntur,
1823 1215 1974 1252 nonnulli
1999 1227 2036 1251 ex

356 1272 379 1282 “¹
398 1267 415 1280 ‘⁹
425 1244 470 1331 ’ἢ
511 1269 580 1313 alijs
597 1267 690 1302 rebus
701 1267 956 1306 tra&ationibus,
973 1279 1027 1302 aut
1035 1268 1231 1301 mixtionum
1241 1266 1465 1314 temperaturis
1477 1265 1648 1312 compositi
1658 1265 1881 1312 perficiuntur,
1893 1267 1936 1300 uti
1950 1277 2034 1311 prae-

359 1357 381 1365 .,„
441 1306 464 1361 ζε
511 1315 595 1351 stent
605 1316 738 1351 eandem
749 1317 782 1351 in
792 1316 943 1363 operibus
953 1317 1141 1351 utilitatem.
1154 1316 1295 1350 Primum
1305 1326 1413 1350 autem
1422 1325 1706 1362 exponemus‚quae
1716 1313 1808 1361 perse
1820 1313 1972 1349 nascentia
1982 1312 2036 1348 fo-

329 1390 352 1394 .—
399 1362 471 1399 }“-—-1
511 1365 662 1402 diuntut‚
673 1366 718 1400 uti
730 1367 821 1413 quod
831 1364 934 1412 graece
945 1364 1042 1400 ochra
1053 1365 1182 1400 dicitur.
1210 1365 1293 1398 Haec
1312 1375 1390 1398 uero
1400 1364 1511 1398 multis
1522 1364 1603 1398 locis
1618 1370 1630 1404 (
1644 1374 1680 1398 ut
1692 1365 1788 1398 etiam
1803 1364 1835 1398 in
1856 1364 1943 1398 Italia
1954 1364 2036 1403 >in-

283 1413 427 1450 uenitur,
440 1409 491 1447 sed
513 1426 581 1461 quae
593 1411 695 1448 fuerat
705 1415 840 1460 optima,
852 1414 981 1452 Attica,
992 1414 1068 1448 ideo
1077 1426 1162 1448 nunc
1173 1426 1240 1449 non
1250 1412 1403 1450 habetur,
1413 1412 1503 1458 quod
1523 1412 1661 1447 Athenis
1681 1413 1803 1459 argenti
1821 1411 1941 1447 fodinae
1959 1424 2036 1446 cum

284 1461 464 1496 habuerunt
473 1460 617 1500 familias,
629 1473 705 1496 tunc
716 1461 824 1509 specus
834 1461 891 1497 sub
903 1473 983 1497 terra
992 1461 1198 1497 fodiebantur
1206 1462 1423 1509 adargentum
1434 1461 1674 1495 inueniendum.
1687 1461 1773 1494 Cum
1787 1461 1832 1495 ibi
1848 1474 1928 1496 uena
1947 1459 2035 1495 forte

283 1510 495 1549 inueniretur,
506 1510 717 1545 nihilominus
727 1511 772 1545 uti
781 1521 950 1558 argentum
960 1511 1245 1559 prosequebantur.
1258 1513 1369 1557 Itaque
1386 1510 1509 1556 antiqui
1519 1509 1646 1556 egregia
1658 1509 1751 1556 copia
1767 1508 1829 1543 filis
1847 1509 1887 1543 ad
1899 1510 2034 1556 politio-

283 1571 341 1593 nes
349 1570 486 1605 operum
498 1557 567 1594 sunt
578 1559 634 1594 usi.
649 1561 730 1594 Item
741 1559 874 1594 rubricae
885 1559 1023 1607 copiosae
1034 1561 1142 1594 multis
1156 1561 1236 1594 locis
1247 1560 1404 1596 eximunt,
1416 1557 1467 1592 sed
1476 1559 1610 1605 optimae
1627 1558 1796 1604 paucis,uti
1810 1558 2033 1596 Ponto,Sino-
2066 1553 2110 1588 3⁰

283 1620 336 1655 pe,
347 1611 378 1642 &
387 1611 556 1655 Aegypto,
566 1609 599 1643 in
609 1607 762 1655 Hispania
772 1608 966 1646 Balearibus,
978 1621 1044 1643 non
1057 1610 1161 1643 minus
1171 1609 1267 1643 etiam
1279 1609 1418 1644 Lemno,
1429 1608 1520 1641 cuius
1530 1605 1635 1640 insulae
1650 1606 1820 1652 ueffigalia
1832 1606 2035 1641 Atheniensi-

283 1657 344 1691 bus
352 1655 474 1691 senatus
486 1656 663 1705 populusq,·
671 1656 938 1692 -Rom.concessit
951 1656 1093 1692 fruenda.
1107 1658 1321 1691 Paraetonium
1332 1668 1409 1690 uero
1419 1668 1455 1689 ex
1466 1655 1537 1702 ipsis
1550 1656 1644 1694 locis,
1655 1655 1740 1688 unde
1751 1652 1875 1690 foditur
1884 1653 1978 1688 habet
1989 1667 2034 1688 no

282 1717 370 1740 men.
386 1705 510 1740 Eadem
521 1707 645 1740 ratione
655 1707 826 1745 Melinum,
837 1705 925 1753 quod
934 1707 1000 1740 eius
1010 1707 1057 1740 uis
1066 1706 1185 1740 metalli
1195 1703 1295 1751 insule
1305 1704 1437 1751 Cycladi
1456 1705 1548 1738 Melo
1567 1704 1683 1737 dicitur
1703 1702 1762 1737 effe
1771 1727 1781 1738 .
1810 1704 1907 1737 Creta
1925 1703 2035 1737 uiridis

281 1756 359 1789 item
371 1753 514 1800 pluribus
522 1755 602 1789 locis
612 1753 816 1794 nascitur,sed
826 1755 950 1801 optima
960 1756 1113 1801 Smyrnae.
1124 1756 1219 1789 Hanc
1227 1765 1333 1788 autem
1342 1754 1451 1787 Graeci
1460 1752 1658 1787 theodotion
1675 1763 1806 1792 uocant,
1817 1752 1910 1800 quod
1918 1752 2035 1787 Theo-

281 1803 382 1838 dotus
392 1803 525 1837 nomine
534 1801 637 1837 fuerat
646 1827 655 1842 ‚
666 1804 758 1839 cuius
767 1805 798 1838 in
810 1802 915 1839 fundo
932 1804 965 1838 id
975 1816 1075 1850 genus
1097 1814 1190 1837 cretae
1207 1804 1346 1850 primum
1356 1801 1401 1835 est
1410 1802 1579 1835 inuentum
1590 1825 1599 1834 .
1627 1801 1911 1848 Auripigmentum
1923 1823 1932 1838 ,
1943 1800 2035 1848 quod

282 1850 458 1886 arsenicum
473 1851 591 1886 Graece
602 1852 728 1891 dicitur,
747 1852 872 1887 foditur
888 1855 1010 1887 Ponto.
1021 1852 1194 1886 sandaraca
1212 1853 1288 1885 item
1300 1851 1441 1898 pluribus
1452 1851 1544 1887 locis,
1555 1847 1607 1883 sed
1619 1851 1743 1896 optima
1754 1853 1875 1886 Ponto,
1884 1848 2033 1896 proxime

282 1900 406 1934 flumen
417 1900 582 1947 Hypanim
601 1901 694 1935 habet
704 1903 870 1936 metallum
880 1928 888 1936 .
918 1903 1001 1946 Alijs
1024 1901 1106 1935 locis
1123 1912 1156 1934 ut
1170 1901 1252 1934 inter
1263 1899 1428 1946 Magnefie
1440 1921 1450 1937 ‚
1462 1904 1493 1934 δι
1508 1898 1620 1945 Ephefi
1631 1898 1712 1932 fines
1730 1897 1874 1933 suntloci
1893 1897 1977 1932 unde
1985 1896 2034 1930 cf-

282 1947 408 1985 foditur
420 1959 526 1995 parata
535 1971 545 1988 ,
556 1962 652 1997 quam
663 1962 722 1984 nec
732 1952 866 1991 molere,
876 1963 935 1985 nec
945 1962 1073 1985 cernere
1083 1962 1165 1997 opus
1174 1946 1287 1985 est‚sed
1297 1947 1337 1982 fic
1351 1946 1396 1982 est
1406 1945 1531 1982 subtilis
1543 1970 1554 1986 ,
1565 1946 1842 1995 quemadmodum
1862 1946 1884 1981 si
1904 1960 1967 1995 qua
1985 1943 2032 1980 est

284 2010 383 2033 manu
394 1996 536 2034 contusa,
546 2001 578 2032 &
589 1997 732 2033 subereta
742 2023 753 2033 .

333 2046 472 2082 colorum
481 2047 662 2094 differentias
666 2049 795 2094 primum
799 2050 885 2096 ponit
893 2051 975 2084 Vitr.
986 2059 1058 2082 mox
1073 2055 1303 2095 temperaturas.
1314 2045 1453 2080 eolorum
1462 2045 1557 2094 aliqui
1557 2045 1628 2089 fimt
1645 2046 1742 2080 natiui
1754 2066 1765 2082 ,
1774 2043 1828 2091 alij
1840 2043 1959 2089 fizfficij
1969 2058 1979 2077 .·
1989 2055 2029 2078 ex
2059 2045 2106 2082 40

282 2097 393 2132 natiuis
402 2094 523 2141 alijfine
530 2097 590 2130 ulla
597 2099 822 2143 praeparatione,
831 2102 873 2137 (γ’
882 2099 994 2132 tritura
995 2097 1064 2140 sunt
1075 2100 1114 2131 ad
1122 2106 1196 2143 opus
1205 2095 1293 2130 utiles
1300 2116 1310 2132 ,
1320 2094 1374 2141 aliq¹
1383 2094 1484 2143 aliquo
1495 2096 1581 2130 modo
1597 2102 1802 2141 temperantur
1811 2117 1820 2126 .
1846 2098 1921 2127 Sunt
1929 2101 2030 2126 autem

284 2145 382 2179 natiui
389 2143 514 2182 colores,
527 2146 578 2192 qui
582 2145 750 2188 fodiuntur,
760 2152 802 2186 φφ
817 2155 852 2180 ut
862 2145 969 2192 uulgus
976 2154 1066 2180 uocat
1073 2144 1239 2182 mineram,
1249 2143 1407 2190 urstnopis,
1416 2142 1548 2182 rubrica,
1554 2144 1756 2191 paraetonium,
1767 2141 1911 2179 erethria‚
1924 2146 1964 2180 (9-
1972 2152 2028 2174 tzu—

283 2194 505 2240 ripigmentum.
514 2195 550 2228 de
558 2195 594 2239 ijs
601 2198 632 2229 V
632 2196 683 2228 itr-
688 2204 755 2241 cap.
761 2195 899 2243 septimo,
909 2195 1070 2233 ollium&
1079 2205 1156 2227 nono
1166 2192 1431 2240 loquitur,docetq,·
1440 2191 1548 2240 quibus
1556 2195 1585 2226 in
1593 2191 1666 2226 locis
1676 2193 1779 2237 optimi
1794 2193 1960 2237 reperiatur
1968 2211 1978 2226 2
1989 2194 2031 2227 Θ·

284 2253 346 2289 qua
354 2243 469 2274 ratione
477 2256 490 2278 ,·
506 2241 602 2289 aliqui
620 2254 660 2277 ex
681 2244 718 2289 ijs
737 2252 938 2290 temperentur
945 2268 955 2277 .
979 2241 1172 2287 FaHicijficnt
1181 2262 1192 2278 ,
1201 2243 1394 2288 qui-mixtura
1401 2263 1412 2278 ‚
1423 2247 1464 2280 ζῦ-
1472 2250 1539 2275 arte
1552 2240 1706 2286 finguntur
1716 2241 1755 2274 ad
1771 2241 1914 2273 maiorem
1932 2248 2033 2272 rerum

284 2290 499 2336 expressionem
507 2291 629 2328 inuenti,
638 2292 674 2325 de
703 2291 790 2326 uibus
798 2292 921 2340 reliquis
929 2290 1076 2339 capitibus
1084 2291 1193 2324 mentio
1199 2289 1249 2331 fit.
1275 2289 1387 2326 chra,
1397 2288 1500 2331 nostris
1517 2291 1607 2324 etiam
1626 2287 1735 2322 ochrea
1746 2290 1854 2323 dicitur
1864 2309 1874 2325 ,
1886 2293 1928 2327 θ’
1945 2296 2030 2321 terra

277 2338 385 2384 gialla,
393 2339 469 2373 ides't
477 2337 570 2372 lutea.
580 2338 640 2373 haec
655 2351 674 2372 u
699 2352 717 2374 a
722 2339 760 2382 fit
769 2340 862 2375 rubra
869 2363 880 2378 ‚
891 2346 933 2380 &⁹
941 2350 998 2388 pro
1004 2340 1099 2384 fundo
1110 2351 1144 2372 ea
1153 2339 1284 2386 piltores
1292 2347 1416 2372 utuntur
1427 2338 1522 2372 ochra
1530 2349 1588 2371 non
1596 2338 1679 2372 ustie.
1689 2337 1806 2371 Fundus
1822 2339 1899 2371 enim
1911 2341 1952 2376 ά·
1962 2346 2030 2368 um-

283 2386 341 2422 bra
351 2384 509 2429 obscuriori
517 2386 616 2421 colore
623 2386 677 2431 esse
685 2386 772 2423 debet
780 2414 791 2423 .
816 2391 944 2424 Videtur
959 2398 1060 2423 autem
1107 2388 1165 2421 uod
1182 2388 1281 2422 Graece
1297 2386 1389 2420 ochra
1416 2385 1455 2428 est
1462 2385 1516 2431 ,fil
1525 2386 1620 2421 latine
1635 2387 1693 2420 dici
1703 2411 1711 2419 .
1737 2391 1826 2432 Ram
1842 2397 1910 2420 cum
1926 2389 1956 2419 V
1956 2385 2029 2417 itru.

284 2435 344 2470 hoc
353 2437 453 2481 capite
470 2438 617 2470 rationem
631 2438 738 2475 reddit,
746 2449 800 2471 cur
809 2437 904 2472 ochrae
914 2440 1029 2485 optimae
1035 2400 1227 2479 idefisttticae
1239 2438 1323 2484 copia
1333 2445 1391 2468 non
1399 2434 1561 2470 haberetur
1570 2435 1633 2478 ficis
1639 2434 1834 2481 temporibus,
1844 2440 2028 2468 commutato

285 2482 378 2518 uerbo
387 2484 483 2519 ochra
493 2486 522 2518 in
525 2483 623 2527 silem,
633 2487 677 2518 ait
687 2487 806 2533 ;itaque
817 2488 931 2532 antiqui
943 2488 1060 2531 egregia
1070 2486 1154 2531 copia
1160 2483 1224 2527 filis
1233 2485 1272 2517 ad
1276 2483 1450 2531 politionem
1460 2494 1580 2530 opetum
1593 2483 1665 2526 fiant
1680 2483 1727 2528 usi
1735 2505 1745 2521 ,
1754 2495 1808 2517 nos
1823 2493 1893 2517 uero
1910 2493 1950 2515 ex
1964 2489 2030 2514 tam

286 2529 439 2576 manifesta
457 2534 590 2578 Vitruuiq'
605 2533 728 2568 lenione
746 2544 803 2568 non
811 2545 970 2581 quaeremus
981 2533 1081 2576 anfiim
1091 2545 1130 2567 ex
1147 2532 1274 2566 aliorum
1282 2533 1368 2566 dic‘ti'r
1383 2533 1576 2566 contendendi
1585 2548 1597 2573 ;
1606 2543 1674 2566 cum
1693 2538 1734 2572 (φ
1743 2533 1814 2579 quid
1815 2531 1858 2575 fit
1865 2529 1956 2564 ochra
1965 2551 1974 2566 ‚
1987 2534 2029 2568 &⁸
2060 2536 2075 2571 ς
2081 2539 2105 2562 ο

285 2582 362 2616 unde
369 2581 481 2619 ueniat,
489 2583 550 2616 iam
559 2591 663 2616 notum
673 2582 806 2617 omnibus
817 2581 965 2617 habeatur
975 2607 985 2616 .
1011 2581 1143 2626 Rubrica
1153 2582 1262 2627 optima
1271 2582 1370 2628 Sinopi
1376 2582 1553 2620 inuenta&
1558 2583 1689 2628 primum
1698 2583 1728 2614 in
1735 2587 1836 2615 ‘Ponto
1848 2580 1915 2612 inde
1923 2589 2029 2612 nomen

291 2643 312 2664 a
324 2631 429 2675 Sinope
436 2629 521 2668 urbe,
531 2631 659 2675 naſsitur
667 2637 708 2670 όν
716 2636 755 2667 „A
756 2641 864 2680 egypto
873 2651 882 2668 ‚
893 2629 1078 2668 Balearibus,
1085 2629 1297 2676 .Ap}>ri'ca‚sed
1304 2632 1416 2676 optima
1427 2631 1456 2663 in
1466 2634 1585 2667 Lemno,
1596 2636 1637 2670 ψ
1645 2631 1674 2663 in
1685 2628 1870 2676 Cappadocia
1880 2625 1981 2673 effoffa
1990 2637 2029 2661 ex

283 2678 430 2726 speluncis
442 2703 451 2713 .
462 2679 622 2725 Qaesaxis
631 2679 760 2724 adhaefit,
769 2681 898 2714 excellit:
900 2678 1003 2725 glebis
1007 2678 1080 2722 suus
1088 2678 1170 2713 colos
1180 2702 1189 2712 .
1200 2687 1289 2712 extra
1308 2678 1474 2720 nuzculofiis
1482 2702 1491 2712 .
1520 2678 1621 2726 Hac1j5
1629 2677 1672 2722 ufi
1680 2677 1750 2721 sicut
1760 2685 1876 2710 ueteres
1892 2678 1930 2710 ad
1932 2675 2028 2721 splen-

285 2729 398 2762 dorem.
406 2726 539 2772 Rubrica
545 2736 646 2762 autem
653 2726 691 2770 est
699 2738 781 2763 terra
789 2726 895 2765 rubra,
906 2740 965 2775 qua
980 2729 1117 2774 pistores,
1129 2725 1258 2770 &fabri
1265 2729 1431 2772 materiaru'
1439 2735 1575 2764 utuntur,
1580 2725 1691 2772 mylton
1702 2726 1799 2761 Graece*
1807 2726 1916 2759 dicitur
1923 2749 1933 2757 .
1954 2730 2029 2758 ‘Pa-

286 2778 437 2810 raetonium
446 2788 517 2811 uero
526 2777 633 2811 dicitur
641 2790 660 2811 a
669 2775 736 2812 loco
743 2779 894 2824 Aegypti,
903 2777 979 2810 unde
981 2775 1110 2820 foditur.
1123 2774 1241 2809 'Plinius
1249 2774 1302 2809 lib.
1311 2787 1323 2819 ς
1334 2785 1364 2818 5.
1377 2785 1446 2822 cap.
1453 2775 1512 2809 ult.
1517 2773 1625 2818 scribit
1633 2786 1673 2809 ex
1675 2775 1778 2821 spuma
1796 2776 1888 2807 maris
1898 2771 2029 2815 sbliciata
2218 2755 2224 2935 ι

287 2835 356 2859 cum
364 2823 433 2858 limo
442 2825 459 2859 ἐ
465 2826 597 2860 candidis
605 2824 754 2859 coloribus
760 2824 1028 2872 pinguiffimum,&
1037 2824 1169 2867 tec‘loriq's
1177 2826 1388 2868 tenacissimum
1393 2832 1517 2870 propter
1524 2824 1648 2857 liuorem
1656 2825 1811 2858 candidum
1821 2846 1828 2854 .
1838 2820 1906 2855 uult
1912 2819 2030 2855 Plinius

283 2874 478 2920 paraetonium
487 2872 542 2917 effe
551 2898 560 2907 .
570 2875 679 2908 Eadem
687 2875 802 2908 ratione
811 2874 961 2910 melinum,
978 2871 1099 2906 meliam
1110 2881 1201 2906 uocat
1207 2871 1356 2919 Tlieophr.
1367 2873 1511 2919 optimum
1518 2874 1549 2905 in
1556 2871 1641 2906 Melo
1650 2871 1745 2915 infida
1755 2894 1764 2909 ,
1775 2871 1849 2905 unde
1857 2879 1960 2904 nomen
1962 2868 2029 2910 sum

283 2919 345 2969 psit
353 2945 362 2954 .
387 2921 510 2965 Qodfi
516 2921 641 2956 alterius
649 2921 756 2956 coloris
766 2921 819 2966 effe
827 2921 973 2957 Melinum
990 2922 1118 2958 dicatur,
1127 2920 1255 2966 utgilui,
1268 2928 1310 2960 (9-
1317 2920 1401 2958 lutei,
1409 2929 1485 2967 puto
1493 2932 1549 2966 ego
1558 2919 1685 2964 cumfiia
1695 2929 1805 2954 natura
1815 2919 1969 2953 candidum
1972 2915 2027 2960 fit,

285 2968 364 3016 poffi·
371 2970 527 3003 commode*
533 2969 636 3017 aliqua
645 2980 859 3018 temperatura,
869 2976 911 3010 &¹
919 2972 1062 3004 mixtione
1070 2968 1146 3003 alios
1160 2970 1273 3003 colores
1275 2968 1388 3012 subire,
1398 2981 1436 3002 ac
1442 2972 1538 3014 magis
1546 2971 1575 3002 in
1585 2969 1662 3004 bunc
1679 2969 1769 3016 quam
1798 2969 1828 3001 in
1848 2967 1929 3000 illum
1938 2966 2028 2999 uerti.

287 3023 312 3054 C
313 3026 379 3053 reta
387 3019 538 3057 uiridium
545 3021 590 3053 ait
598 3019 719 3055 'Philaea
727 3020 901 3067 intelligitur
908 3041 919 3059 ‚
931 3029 1020 3068 quam
1029 3020 1139 3053 Veneti
1145 3027 1259 3053 terram
1267 3019 1654 3064 iiaidonuocantfforte,&
1663 3024 1695 3055 V
1695 3019 1840 3053 erdettum
1846 3022 2028 3050 montanum,
2058 3019 2105 3052 60
2213 3015 2222 3143 l

1979 3070 2033 3097 aut
2206 3078 2208 3098 ῑ

2210 3220 2220 3260 l
