2241 3318
740 92 1244 138 QVIN'TV&
1831 98 1899 141 1‘57

147 180 319 219 ceptorum
331 167 394 202 late
406 176 560 215 uagantes
569 164 742 214 scripturae,
750 165 773 200 fi
783 178 849 201 non
857 162 1090 201 contrahantur
1098 187 1108 203 ‚
1119 168 1151 199 &
1160 164 1279 211 paucis,
1289 167 1321 201 δι
1333 164 1502 212 perlucidis
1512 165 1671 212 sententijs
1681 167 1893 216 explicentur,

152 217 329 267 frequentia
339 216 583 263 multitudineq5
592 214 744 249 sermonis
755 215 960 260 impediente,
970 213 1105 247 incertas
1116 214 1293 260 legentium
1305 213 1450 250 efficient
1467 216 1696 262 cogitationes.

176 300 178 302 ,
199 267 284 313 Qod
293 264 342 299 hic
348 265 423 300 dicit
447 269 461 310 {
466 266 635 312 frequentia
644 285 655 301 ,
664 262 885 312 multitudineq,¹
897 262 1063 306 sermonis}
1089 263 1224 297 declarat
1232 262 1303 296 illud
1312 265 1390 310 qnod
1398 266 1481 299 initio
1491 266 1581 299 dixit.
1608 267 1691 311 {Qi
1698 266 1895 313 amplioribus·

151 312 380 355 uoluminibus.}
406 316 490 348 cuius
498 312 658 361 oppositum
674 311 713 353 esl
729 312 853 346 uerbum
867 312 939 346 illud
964 312 1081 354 {Sinon
1097 311 1326 348 contrahantur,
1337 315 1488 359 &paucis
1496 335 1506 350 ,
1519 318 1560 352 <y
1576 313 1737 360 perlucidis
1739 315 1893 361 sententiis

149 363 369 412 explicentur.}
394 364 535 397 Docendo
543 364 633 407 igitur
641 362 697 405 esse
705 359 810 394 breues
821 369 938 408 oportet
946 384 955 393 .
966 359 1105 395 brennae
1123 362 1201 395 enim
1211 361 1356 393 memoria:
1366 360 1532 407 opitulatur
1541 383 1551 398 ‚
1563 363 1726 397 cauendum
1737 373 1836 398 tamen
1847 363 1893 398 es'i

150 425 186 448 ne
193 409 488 453 breuitatisludentes
497 409 612 453 obscuri
613 409 710 453 fimus
719 434 727 441 .
737 409 934 454 offenderetur
945 410 1020 441 enim
1030 409 1224 454 intelligentia
1236 432 1245 441 .
1255 419 1349 453 quare
1357 418 1391 442 ut
1402 408 1503 443 breuit
1510 421 1552 446 ω,
1561 409 1608 452 fic
1626 411 1817 457 intelligentia
1823 422 1895 458 per-

143 458 413 508 spicuitasprodesl.
420 468 578 504 utramque
586 470 649 492 rem
660 480 670 495 ,
674 457 790 500 scilicet
799 463 839 496 (ψ
855 456 1034 492 breuitatem
1042 478 1053 494 ‚
1065 462 1106 496 θ·
1114 457 1350 503 perspicuitatem
1357 460 1456 503 tangit
1472 464 1502 493 V
1504 459 1555 490 itr.
1567 457 1660 504 qiiafi
1679 471 1736 493 non
1752 460 1857 503 adfiint
1865 462 1895 493 in

141 509 262 556 scriptis
271 534 274 536 -
287 513 301 553 {
310 510 441 544 incertas
449 507 608 553 legentium
616 506 740 552 efficient
754 508 950 551 cogitationes
958 530 967 539 .
978 507 992 546 }
1025 506 1161 551 intelligit
1170 513 1272 540 antem
1276 513 1333 551 per
1341 503 1399 541 hoc
1415 504 1540 540 uerbum
1548 508 1742 551 cogitationes
1757 510 1898 544 internas

79 586 122 612 ιο
147 559 240 594 animi
248 565 351 604 partes
359 579 369 595 ,
379 558 570 594 memoriam,
580 555 853 600 &intelligentiam
863 579 872 588 .
883 555 958 597 infra
975 555 1072 589 dixit:
1083 563 1207 588 mentes.
1476 578 1477 581 η

98 606 100 610 '
198 609 350 649 ITAQE'
374 605 516 640 occultas
527 603 766 645 nominationes
777 624 786 639 ‚
797 601 1038 649 commensusq5
1051 626 1060 641 ‚
1070 615 1087 637 e
1098 603 1251 637 membris
1269 613 1405 651 operum
1418 602 1643 650 pronuncians
1656 628 1665 641 ,
1677 614 1713 637 ut
1732 605 1900 640 memorie:

149 656 314 698 tradantur
331 654 471 689 breuiter
487 664 648 700 exponam
658 676 668 687 .
737 650 882 687 Debebat
896 653 992 686 dicere
1001 650 1132 687 breuiter
1146 674 1158 690 ‚
1181 657 1222 692 (9-
1242 651 1368 687 dilucide
1385 662 1535 700 exponam
1543 674 1553 690 ,
1564 661 1599 686 ut
1608 654 1728 701 utrique
1741 656 1826 700 parti
1841 666 1873 690 re
1878 676 1898 682 --

146 705 320 752 sponderet.
1919 743 1922 745 Δ

199 755 218 787 8
225 765 238 787 1
247 764 268 786 c
298 751 384 787 enim
395 750 576 797 expeditius
585 763 621 786 ea
630 752 768 798 recipere
778 761 931 796 poterunt
938 761 1063 786 mentes
1074 774 1084 785 .
1108 749 1193 784 Non
1204 749 1309 785 minus
1326 762 1401 785 cum
1419 749 1709 786 animaduertissem
1727 749 1900 786 distentam

151 800 422 847 occupationibus
432 800 593 835 ciuitatem
606 801 740 847 publicis
750 825 759 838 ,
772 804 804 834 &
818 800 947 845 priuatis
957 800 1107 844 negotijs:
1118 799 1226 845 paucis
1237 799 1375 834 indicaui
1387 797 1602 837 scribendum,
1618 800 1664 834 uti
1674 798 1812 846 angusto
1832 799 1901 844 spa-

151 851 200 885 tio
210 850 388 887 uacuitatis,
399 860 434 882 ea
451 849 596 896 legentes
606 850 746 884 breuiter
755 849 916 896 percipere
936 845 1075 896 possent.
1118 847 1206 884 ..Alia
1219 849 1303 883 ,ratio
1312 860 1367 883 cur
1384 847 1484 884 breuis
1500 848 1557 894 effe
1564 847 1694 883 uoluerit
1711 850 1741 882 in
1747 848 1913 884 Ardone-¹

155 898 245 934 &ura
254 899 455 936 tradendas&
473 897 537 932 alia
545 900 615 932 item
617 898 762 946 sequitur.

180 974 182 979 a
201 948 258 981 Er
270 960 282 982 1
291 957 424 989 AMQn
454 947 652 993 Pythagore,
663 948 747 994 hisq;
760 947 815 993 qui
826 947 892 981 eius
901 946 1042 982 hzrefim
1054 944 1184 981 fuerunt
1193 945 1310 985 secuti,
1321 947 1441 994 placuit
1452 946 1574 982 cubicis
1593 945 1770 982 rationibus
1781 958 1915 993 praece--

152 1008 206 1044 pta
214 996 248 1030 in
264 994 488 1030 uoluminibus
503 993 638 1030 scribere
649 1018 659 1034 ,
674 995 946 1043 constitueruntc'fl
963 995 1082 1030 cubum
1111 1007 1128 1029 2
1139 1006 1151 1029 1
1160 999 1193 1030 6.
1220 993 1381 1035 uersuum,
1391 1008 1481 1040 eosq;
1490 1009 1556 1030 non
1574 997 1644 1042 plus
1658 1020 1669 1035 ‚
1679 994 1777 1043 quarn
1788 1006 1850 1029 tres
1867 996 1902 1029 in

153 1057 216 1080 una
226 1043 466 1090 conscriptione
477 1042 704 1090 oportereeffe
714 1055 918 1091 putauerunt.
947 1044 1061 1078 Cubus
1072 1055 1179 1079 autem
1192 1043 1237 1079 est
1247 1056 1365 1090 corpus
1374 1057 1411 1078 ex
1422 1043 1469 1078 sex
1480 1045 1629 1078 lateribus
1638 1045 1749 1090 aequali
1760 1044 1904 1078 latitudi-

153 1106 193 1128 ne
203 1093 408 1140 planitierum
419 1092 620 1140 quadratum.
631 1094 656 1127 is
667 1106 740 1128 cum
753 1093 796 1128 est
805 1094 905 1127 ἱειᾶιιε
916 1117 925 1133 ‚
937 1106 1034 1141 quam
1047 1094 1081 1127 in
1092 1104 1215 1139 partem
1232 1092 1397 1131 incubuit,
1407 1093 1485 1126 dum
1502 1092 1547 1127 est
1564 1093 1721 1131 intactus,
1731 1093 1917 1127 immotam=

152 1141 250 1177 habet
259 1141 477 1176 stabilitatem.-
488 1143 534 1175 uti
545 1141 614 1176 sunt
629 1140 862 1181 etiamteflerae,
873 1155 950 1190 quas
962 1144 993 1176 in
1004 1143 1098 1176 alueo
1109 1143 1257 1176 ludentes
1270 1142 1404 1176 iaciunt.

198 1190 464 1238 Pythagoreorum
470 1200 616 1238 pracepta
627 1189 730 1225 breuia
739 1197 879 1230 erana&
887 1193 917 1225 in
928 1190 1599 1239 uerficulosoeolietta,quemadmodumecladio
1609 1192 1704 1237 ignem
1714 1203 1749 1226 ne
1755 1192 1904 1235 fodicato:

151 1242 346 1276 §interamne
358 1238 509 1283 ‘tranfilito
516 1254 527 1279 ;
538 1238 693 1274 cerebrum
702 1251 738 1273 ne
746 1241 890 1274 comedito
901 1253 911 1274 .-
920 1252 974 1275 cor
981 1243 1071 1274 etiam
1079 1251 1114 1273 ne
1124 1242 1267 1274 comedito
1277 1252 1285 1273 :
1295 1239 1427 1274 maluam
1445 1241 1607 1284 transferto
1616 1262 1626 1277 ‚
1631 1240 1685 1283 fed
1700 1249 1800 1274 tamen
1809 1252 1846 1274 ne
1854 1252 1907 1274 co-

153 1287 520 1331 meditozadueifitssblem
531 1300 568 1322 ne
577 1287 807 1335 loquitorwiam
815 1291 928 1334 regiam
936 1288 1083 1324 declinato
1093 1300 1104 1322 .-
1112 1300 1179 1322 cum
1188 1290 1263 1322 lello
1265 1290 1370 1334 surges
1371 1288 1506 1335 stragula
1515 1288 1613 1336 compl
1616 1291 1708 1323 icato:
1719 1288 1908 1336 vestigiuinc‘l:

154 1338 288 1384 corporis
317 1337 487 1380 confundzto
499 1350 510 1370 .·
526 1336 690 1372 Annulum
713 1348 769 1371 non
790 1337 903 1383 gesiaco
915 1353 926 1372 .·
935 1339 994 1373 ollae
1009 1349 1126 1385 quoque
1142 1338 1299 1383 uestigium
1315 1336 1438 1372 turbato
1455 1340 1484 1371 in
1494 1340 1592 1372 cinere
1601 1350 1611 1372 .·
1630 1340 1809 1373 Hirundines
1826 1339 1908 1371 intra

156 1388 276 1422 domum
285 1396 320 1419 ne
332 1386 501 1419 admittito:
514 1392 624 1420 Contra
631 1385 729 1419 Solem
737 1397 773 1419 ne
782 1388 871 1419 meito
882 1401 892 1421 :
902 1386 1059 1434 Speculum
1073 1398 1110 1420 ne
1112 1386 1243 1432 speclate
1260 1388 1299 1420 ad
1307 1385 1460 1421 lucernam
1470 1401 1480 1420 .·
1496 1393 1649 1421 Dextrum
1653 1387 1759 1434 pedem
1775 1388 1909 1434 priorem

153 1433 299 1473 calciato,
306 1431 701 1481 finislrumpriorem‘lauato
712 1448 718 1468 :
731 1437 886 1480 virgulum,
899 1434 1055 1483 criniumtffl·
1066 1443 1185 1469 tuorum
1188 1434 1378 1482 praesegmina
1386 1446 1422 1469 ne
1429 1434 1656 1480 c'omingit0‚sed
1671 1437 1700 1469 in
1709 1446 1744 1469 ea
1752 1435 1912 1481 conspuito:

154 1496 175 1518 a
178 1481 421 1529 fabisabs'iineto
432 1507 441 1516 .
454 1489 526 1518 Haec
534 1506 545 1522 ‚
557 1489 598 1524 (φ
609 1482 721 1527 fimilia
740 1493 888 1531 praecepta
898 1483 1053 1529 uersiculus
1066 1482 1283 1518 concludebant
1292 1506 1301 1521 ‚
1312 1481 1426 1531 aliudq,·
1435 1483 1597 1519 innuebant
1605 1506 1614 1521 ‚
1625 1482 1715 1531 qudm
1724 1482 1909 1526 uerbasbna-

156 1531 232 1567 bant
241 1556 250 1565 .
260 1531 333 1566 =Cum
341 1532 433 1577 igitur
442 1532 479 1566 de
499 1531 605 1580 aliqua
614 1544 647 1567 re
655 1544 715 1566 una
724 1533 857 1567 trac‘iare
872 1534 978 1568 uellent
986 1556 996 1571 ‚
1008 1531 1161 1577 uerfieulis
1170 1544 1235 1566 eam
1244 1542 1327 1567 certo
1335 1543 1456 1566 nemero
1467 1532 1644 1577 colligebant
1653 1550 1670 1566 .·
1682 1537 1833 1567 Summam
1842 1543 1912 1566 uer-

85 1578 129 1615 30
154 1579 317 1626 siculorum
325 1591 344 1614 a
353 1578 430 1614 cubo
433 1579 595 1623 ficmebant
604 1606 613 1616 .
625 1579 729 1616 Cubm
748 1580 786 1623 est
798 1583 972 1629 corpmsex
980 1584 1197 1630 quadratorum
1205 1581 1338 1616 laterum
1347 1604 1356 1619 ,
1365 1581 1551 1629 aqualiumq5
1558 1581 1720 1627 planorum
1729 1579 1862 1623 constans
1869 1602 1880 1618 ,
1890 1592 1912 1615 a

158 1628 441 1673 cuiuaesfimilitudinc
449 1629 547 1665 cuhws
557 1642 672 1678 quoque
683 1642 825 1665 numeruss
833 1632 879 1666 eft
888 1633 1067 1668 nominatus,
1076 1633 1128 1678 qui
1137 1632 1256 1666 constat
1266 1642 1304 1665 ex
1307 1630 1365 1673 ᾖα·
1369 1629 1469 1677 planis
1491 1627 1623 1664 numeru
1632 1631 1803 1677 undequaq‚·
1812 1640 1913 1677 aqua-

157 1676 241 1712 libus
251 1702 261 1711 .
288 1679 431 1713 oriuntur
440 1681 549 1713 ‘autem
558 1678 637 1714 cubi*
650 1678 715 1726 1⁷⁰ss
730 1682 875 1714 unitatem
890 1679 1025 1715 naturali
1026 1679 1113 1722 serie,
1124 1678 1265 1726 dispositis
1274 1677 1437 1727 imparibus
1463 1677 1595 1712 numerus
1602 1701 1612 1716 ‚
1624 1677 1651 1721 fi
1657 1680 1770 1725 primos
1776 1679 1849 1713 duos
1856 1679 1915 1712 im-

156 1736 248 1774 pares
258 1726 394 1771 colligas,
404 1727 504 1767 deinde
511 1736 573 1761 tres
575 1727 732 1775 sequentes
739 1731 878 1775 impares,
888 1738 979 1775 atque
995 1730 1179 1774 itaquatuor
1179 1728 1336 1776 sequentes
1344 1730 1473 1775 impares
1482 1752 1491 1762 .
1500 1726 1630 1773 exempli
1634 1729 1749 1772 gratia,
1779 1737 1790 1770 ς
1802 1749 1813 1765 ,
1825 1732 1865 1766 &⁶
1879 1736 1910 1768 5,

154 1773 322 1823 postposita
334 1776 449 1808 unitate
450 1773 520 1817 fimt
526 1778 614 1823 primi
621 1778 750 1822 impares
757 1798 767 1813 ,
777 1776 882 1810 horum
885 1777 1002 1820 summa
1012 1778 1067 1813 est,
1096 1777 1128 1813 8,
1153 1779 1206 1823 qui
1213 1789 1356 1811 numerus
1369 1779 1486 1824 primm
1494 1775 1532 1818 est
1540 1775 1638 1811 cubuc
1648 1801 1657 1810 .
1677 1777 1790 1810 Deinde
1817 1788 1849 1821 7,
1876 1786 1911 1816 9,

164 1836 214 1862 11,
240 1832 304 1856 tres
308 1822 464 1870 sequentes
473 1826 759 1871 imparesffeddunt,
780 1837 796 1858 2
803 1837 834 1870 7,
859 1827 911 1872 qui
919 1836 1061 1859 numerus·
1069 1824 1258 1868 estsecundm
1266 1824 1419 1870 cubusfic
1449 1837 1460 1858 1
1471 1836 1502 1869 3,
1532 1839 1544 1859 1
1554 1834 1583 1868 ς,
1612 1838 1623 1859 1
1630 1837 1663 1870 7,
1694 1836 1705 1857 1
1715 1835 1747 1864 9,
1772 1826 1914 1862 reddunt,

162 1875 221 1917 64,
247 1873 369 1906 tertium
375 1870 483 1906 cubum
494 1898 503 1907 .
515 1879 587 1908 Cum
597 1875 688 1918 igitur
697 1882 779 1908 moto
786 1875 895 1921 pantio
903 1873 1048 1919 efficiatur
1055 1873 1133 1907 linea
1141 1896 1151 1911 ‚
1163 1879 1294 1913 &mota
1302 1873 1380 1908 linea
1384 1875 1444 1917 fiat
1457 1874 1580 1921 planum
1591 1897 1601 1912 ,
1614 1881 1654 1914 C'J*
1661 1873 1754 1921 plano
1765 1882 1847 1907 moto
1852 1872 1918 1915 fiat,

159 1930 273 1968 corpus·
283 1932 293 1954 .·
304 1932 361 1954 non
377 1921 423 1954 es‘l
431 1933 450 1954 a
451 1921 643 1965 fimilltudine
650 1922 781 1956 alienum
798 1922 842 1966 ‚fi
849 1925 1024 1957 continuata
1040 1924 1155 1956 unitate
1169 1922 1229 1965 fiat
1236 1923 1367 1960 {linearis
1375 1934 1513 1957 numerus
1523 1946 1534 1960 ,
1545 1922 1651 1970 quisito
1662 1924 1746 1956 modo
1752 1922 1915 1969 productus

159 1968 285 2017 planum
295 1969 402 2014 efficiat
411 1981 576 2008 numerum,
585 1983 604 2004 a
613 1982 671 2017 quo
679 1973 796 2005 demum
798 1971 912 2014 solidus
920 1972 1132 2008 constituatur,
1141 1973 1263 2018 perinde
1270 1971 1338 2015 acfi
1345 1974 1466 2010 unitati,
1476 1972 1538 2006 alia
1548 1975 1652 2006 unitas
1661 1972 1832 2009 adderetur,
1837 1983 1913 2018 qua-

163 2020 232 2052 dam
240 2016 431 2061 similitudine
439 2017 591 2065 longitudo
592 2019 733 2067 fiila‚quae
742 2019 823 2054 linea
837 2022 961 2068 propria
973 2021 1019 2054 est
1028 2020 1230 2054 ostenderetur
1239 2046 1247 2054 .
1261 2023 1292 2055 Si
1300 2022 1359 2055 duo
1369 2030 1512 2066 tanquam
1521 2021 1599 2055 linea
1608 2024 1765 2054 moueatur
1772 2042 1782 2057 ,
1792 2021 1913 2066 perinde

89 2068 136 2105 40
164 2067 211 2101 eft
229 2079 266 2100 ac
266 2064 298 2110 fi
305 2065 483 2112 longitudini
491 2090 502 2105 ,
520 2070 612 2102 etiam
629 2067 758 2103 latitudo
773 2070 950 2108 adderetur,
972 2074 1014 2109 &⁴
1032 2067 1156 2116 planum
1170 2069 1335 2115 efficeretur
1343 2092 1353 2107 ,
1363 2071 1393 2104 id
1400 2068 1449 2111 eft,
1475 2082 1511 2113 4,
1540 2071 1592 2116 qui
1606 2079 1752 2103 numerius
1758 2067 1866 2114 planas
1876 2066 1918 2108 est*

166 2126 208 2149 ex
217 2126 275 2162 quo
282 2116 398 2149 demum
408 2117 509 2150 eadem
516 2116 747 2154 rationecubua,
760 2119 789 2152 id
797 2117 960 2160 efisblidus
968 2129 1113 2152 numerus
1132 2117 1358 2159 constitueretur
1366 2144 1375 2151 .
1386 2118 1495 2162 namsi,
1522 2130 1556 2164 4,
1581 2127 1635 2164 per
1643 2119 1700 2152 duo
1712 2116 1918 2162 multiplicen-

168 2172 231 2200 tur,
243 2163 307 2197 otto
317 2166 486 2199 reddentur.
496 2167 583 2201 Vnde
590 2177 670 2199 uana
679 2167 724 2200 est
733 2178 832 2200 eorum
842 2169 932 2205 ratio,
942 2169 994 2215 qui
1001 2168 1114 2204 dicunt,
1120 2165 1281 2210 fisuntjex
1286 2166 1466 2214 superficies,
1478 2167 1586 2211 neceffie
1596 2165 1633 2208 esi
1640 2166 1697 2210 sex
1705 2166 1760 2210 effe
1769 2167 1916 2203 unitate5,

166 2222 236 2246 nam
237 2211 375 2254 senarius·
383 2224 522 2248 numerus
528 2226 586 2248 non
595 2214 746 2257 estfiilidus
753 2239 764 2248 .
775 2218 876 2262 Inquit
884 2218 975 2262 igitur
991 2221 1022 2251 V
1022 2218 1095 2250 itru.
1115 2213 1339 2262 Pythagoricos
1355 2214 1523 2250 rationibus
1540 2217 1653 2251 cubicis
1661 2225 1813 2249 numerum
1824 2214 1916 2257 nerfi-

168 2259 423 2308 culorum‚quibus
429 2261 542 2310 dliquid
548 2262 916 2308 tratiabantaonclusisse,
925 2277 978 2299 nec
982 2264 1053 2311 plus
1060 2264 1152 2310 qua‘m
1161 2273 1221 2298 tres
1230 2264 1324 2299 cubos
1332 2266 1360 2298 in
1368 2276 1428 2298 una
1437 2264 1618 2298 trallatione
1627 2265 1774 2299 collocare
1780 2262 1917 2307 uoluiffe.

168 2309 239 2344 Ideo
246 2310 387 2344 maiorem
396 2309 505 2345 cubum
512 2324 563 2350 ex,
593 2324 610 2345 2
620 2324 630 2346 ι
639 2316 672 2350 6,
697 2312 852 2356 verficulis
857 2313 1282 2359 conftituere.multiplicantes
1291 2315 1382 2359 igitur
1390 2315 1553 2347 ternarium
1563 2316 1592 2348 in
1596 2313 1747 2357 ffimouem
1756 2311 1916 2359 efficiebat,

168 2357 200 2392 id
207 2355 245 2399 est
254 2359 432 2405 quadratum
439 2371 602 2399 numerum,
612 2373 698 2409 quem
704 2371 761 2408 per
767 2363 828 2395 tria
836 2361 995 2401 ducebant,
1009 2368 1050 2401 (9⁰
1058 2361 1232 2400 reddebant,
1263 2375 1278 2395 2
1285 2374 1317 2407 7,
1341 2364 1454 2409 primns
1462 2362 1563 2396 eorum
1574 2361 1667 2397 cubus
1678 2386 1686 2396 .
1699 2361 1794 2396 Simili
1803 2363 1918 2394 ratione

168 2405 264 2440 alium
269 2404 381 2441 cubum
393 2419 432 2442 ex
445 2407 848 2454 linearinumerofitciebant‚
875 2423 909 2455 4,
934 2414 1026 2458 igitur
1033 2413 1062 2445 in
1067 2410 1101 2454 se
1109 2411 1199 2445 ducta
1206 2433 1217 2448 ,
1251 2415 1301 2449 16,
1329 2411 1458 2456 efficiunt
1469 2436 1479 2444 .
1488 2413 1556 2449 Sed,
1588 2423 1598 2443 1
1609 2413 1640 2448 6,
1664 2420 1730 2458 per,
1757 2422 1791 2454 4,
1817 2409 1918 2445 ducta,

169 2456 229 2500 64,
254 2457 398 2494 reddunt,
409 2462 450 2496 θ
457 2458 502 2491 ita
511 2457 637 2504 efficitur
638 2459 784 2502 secundus
792 2471 894 2493 eorum
903 2460 1008 2498 cubus,
1019 2462 1077 2498 cui,
1108 2471 1162 2504 27,
1186 2461 1300 2498 addita,
1310 2461 1436 2494 reddunt
1464 2471 1483 2500 9
1492 2471 1503 2493 1
1510 2482 1520 2498 ,
1546 2461 1612 2494 inde
1623 2461 1746 2494 tertium
1761 2457 1869 2492 cubum
1879 2468 1920 2490 ex

169 2505 305 2550 quinario
313 2505 519 2544 ducuntaiam,
549 2516 580 2550 5,
607 2509 636 2541 in
639 2507 672 2550 se
680 2508 768 2542 ducta
778 2507 917 2553 efficiunt,
944 2521 959 2543 z
972 2519 1002 2553 5,
1029 2520 1093 2556 qua
1102 2509 1190 2542 dulia
1197 2518 1262 2555 per,
1292 2518 1322 2551 5,
1348 2510 1487 2546 reddunt,
1518 2521 1530 2541 1
1543 2518 1595 2551 25,
1622 2506 1731 2555 quibus
1741 2508 1849 2541 additis
1860 2518 1880 2548 9
1889 2516 1919 2544 1,

100 2558 145 2594 ςο
166 2551 281 2595 summa
283 2552 334 2594 fit,
363 2565 380 2586 z
389 2557 443 2588 16.
469 2557 529 2590 ,Ad
536 2555 615 2590 hunc
622 2558 714 2602 igitur
730 2568 882 2591 numerum
887 2557 1003 2601 summa
1006 2558 1220 2605 praceptorum
1227 2557 1478 2604 pythagoreorum
1485 2555 1858 2604 perueniebasscubicamlss
1867 2567 1922 2588 ra-

67 2621 71 2624 ·
173 2601 284 2634 tionem
292 2603 470 2638 adamarunt
479 2626 489 2641 ‚
495 2613 638 2650 putantes
645 2617 680 2639 ea
685 2605 813 2646 firmiter
820 2606 969 2641 mentibus
979 2607 1117 2641 inbaerere
1126 2620 1136 2643 ,
1156 2608 1403 2653 quemadmodum
1412 2605 1506 2640 cubus
1510 2605 1538 2649 fi
1548 2607 1678 2639 iaciatur
1687 2627 1695 2642 ‚
1708 2606 1738 2638 in
1747 2614 1923 2651 quacunque

171 2656 260 2696 parte
266 2649 409 2692 insederit,
412 2651 504 2694 firma
513 2651 605 2687 habet
612 2653 821 2689 stabilitatem.
839 2657 896 2689 Sed
903 2657 1008 2690 mirum
1014 2667 1075 2703 qua
1084 2656 1201 2689 ratione
1203 2657 1335 2702 primum
1344 2654 1452 2689 cubum
1461 2677 1470 2692 ‚
1481 2653 1550 2695 idest
1560 2655 1625 2687 olio
1636 2653 1672 2687 nZ
1679 2651 1847 2694 admiss’rint
1854 2658 1922 2697 ‘Py-

174 2695 321 2742 thagorei·
331 2699 432 2734 deinde
433 2700 594 2743 secundum
609 2704 640 2736 id
647 2701 697 2744 esi,
724 2714 741 2736 2
748 2714 780 2748 7,
803 2702 903 2751 postea
910 2706 1032 2738 tertium
1040 2725 1051 2741 ‚
1078 2708 1136 2748 64,
1162 2708 1203 2743 &⁴
1211 2715 1269 2737 non
1278 2704 1447 2750 collegerint
1448 2703 1595 2746 flammam
1621 2713 1640 2742 9
1646 2714 1678 2743 9.
1706 2702 1762 2736 Sed
1766 2700 1864 2746 forsan
1873 2711 1925 2733 eo-

175 2755 244 2778 rum
252 2745 444 2782 tractationes
451 2751 481 2784 in
489 2748 582 2785 cubos
587 2751 801 2795 uerficulorum
811 2763 946 2786 numeros
960 2750 1149 2789 diuidebant,
1161 2751 1235 2796 &si
1246 2764 1350 2786 eorum
1355 2760 1503 2799 praecepta
1515 2753 1611 2797 primo
1621 2748 1698 2784 cubo
1717 2760 1774 2783 non
1779 2755 1924 2796 poterant

175 2795 330 2832 contineri,
339 2795 488 2833 addebant
487 2798 666 2841 secundum,
677 2800 840 2848 quififiztis
847 2813 905 2835 non
913 2810 980 2835 erat
987 2823 997 2839 ,
1007 2798 1158 2835 addebant
1166 2801 1299 2838 tertium,
1308 2803 1359 2847 qui
1367 2802 1462 2835 omnis
1464 2799 1584 2842 summa
1593 2808 1691 2846 capax
1701 2806 1776 2832 erat.
1786 2797 1843 2831 Sed
1851 2798 1924 2842 quia

173 2844 300 2890 primus,
302 2842 419 2885 scilicet
426 2846 491 2880 otto
499 2869 510 2885 ‚
517 2856 625 2894 parum
632 2850 679 2884 est
686 2854 725 2883 ad
730 2849 914 2896 propofitum
921 2849 1044 2897 aliquod
1053 2860 1142 2883 unum
1153 2849 1367 2895 colligendum,
1385 2850 1448 2883 ideo
1457 2847 1548 2895 ipfiim
1558 2851 1613 2893 (ut
1619 2847 1712 2894 puto)
1722 2845 1903 2894 reliquerunt
1912 2866 1924 2881 ‚

177 2896 220 2931 &⁴
228 2892 293 2926 ideo
302 2894 352 2930 ad,
382 2905 437 2939 27,
458 2898 556 2942 primo
560 2896 774 2944 perueniebant
782 2910 801 2932 a
808 2900 942 2933 ternario
952 2907 1063 2935 ortum,
1074 2900 1126 2944 qui
1136 2909 1274 2932 numerus
1281 2907 1300 2945 p
1323 2897 1487 2943 thagoricis
1500 2895 1666 2944 plaufibilis
1682 2904 1747 2930 erat
1756 2910 1767 2936 ‚-
1786 2893 1924 2930 binarius

176 2949 279 2974 autem
288 2952 345 2975 non
353 2943 435 2977 item.
445 2954 502 2977 non
509 2946 599 2990 igitur
600 2945 702 2988 statim
710 2948 760 2984 ad,
792 2959 807 2980 2
816 2959 828 2980 1
838 2949 870 2985 6,
896 2945 1227 2990 uersiculos‘ueniebant
1234 2909 1468 2994 ‚sedizaeparatim
1478 2947 1518 2979 ad
1523 2946 1719 2992 praecedentes
1727 2941 1829 2981 cubos,
1840 2943 1890 3024 Zui
1896 2939 1926 2984 si

178 2999 236 3022 non
244 2999 330 3024 erant
329 2990 418 3034 satis,
429 2993 502 3026 duos
511 2993 699 3039 colligebant,
709 3007 729 3029 a
736 2994 851 3030 duobus
859 2996 1025 3030 demum‘ad
1054 2993 1398 3044 tertiumperueniebant
1406 3016 1417 3032 ,
1430 2993 1514 3028 ultra
1522 3005 1610 3040 quem
1615 2994 1755 3041 progredi
1772 2990 1837 3025 nole
1860 2997 1926 3026 ant,

106 3039 152 3074 6'0
178 3048 215 3074 ue
220 3039 409 3076 tractationis
411 3040 587 3089 prolixitati
587 3041 741 3088 fizstidium
748 3045 902 3093 efferrent,
912 3046 1146 3086 &memoriam
1155 3044 1322 3089 cuifttruire
1329 3041 1488 3090 studebant
1495 3065 1506 3082 ‚
1514 3042 1694 3091 longitudine
1701 3041 1847 3076 laederem·
1857 3048 1928 3092 narn

1665 3096 1691 3127 ο
1843 3096 1930 3121 nimis
