2241 3318
361 58 426 92 118
1081 52 1402 92 Linea„

343 133 426 180 Qo
437 128 521 165 enirn
533 127 623 163 altius
633 125 719 160 oculi
728 123 844 159 scandit
853 124 1017 163 acies,non
1028 121 1119 158 facile
1131 121 1267 170 persecat
1276 124 1354 158 acris
1366 121 1567 157 crebritatem
1577 135 1587 157 ε
1597 116 1711 168 dilapsa
1719 118 1826 168 itaque
1835 118 2011 155 altitudinis
2021 118 2088 168 spa—

343 182 406 219 tio,
418 183 449 214 δι’
462 177 582 212 viribus
592 177 714 211 extrita,
727 175 879 207 incertam
891 173 1099 207 modulorum
1117 173 1280 206 renunciat
1290 171 1425 208 sensibus
1438 171 1651 218 quantitatem
1662 195 1671 204 .
1682 169 1792 217 Qare
1803 167 1923 216 semper
1935 169 2092 214 adijcien-

344 229 423 262 dum
435 225 478 260 cst
491 225 622 259 rationis
643 220 897 268 supplementum
909 223 941 255 in
959 219 1210 267 symmetriarum
1222 221 1393 260 membris,
1403 230 1438 254 ut
1449 232 1523 254 cum
1533 218 1650 254 fuerint
1659 219 1694 253 in
1709 216 1878 252 altioribus
1886 218 1969 253 locis
1979 229 2092 266 opera,

346 289 400 311 aut
414 275 526 309 ctiam'
555 270 582 304 sa
591 271 827 308 colossicotera,
839 282 956 304 certam
969 270 1103 303 habeant
1113 270 1375 316 magnitudinum
1386 268 1554 302 rationem.

395 322 558 370 Epislylium
569 319 659 354 latine
668 318 752 353 trabs
758 314 771 356 ‘‚
775 318 828 362 fi'd
844 320 1037 353 communiori
1038 317 1253 364 fignificatione
1270 319 1411 366 quicquid
1426 316 1570 352 columnis
1578 317 1736 363 imponitur
1744 314 1902 363 epistylium
1910 317 2093 350 nominatur.-

341 364 538 422 propric‘uero
549 381 604 402 non
614 380 706 404 omne,
704 367 756 411 sed
763 369 840 415 quod
846 369 950 402 statim
952 366 1043 414 supra
1052 366 1208 402 columnas
1220 369 1383 403 collocatur
1392 388 1402 403 ,
1426 364 1586 413 epistylium
1594 367 1702 399 dicitur
1711 389 1721 398 .
1747 370 1763 398 Ι
1764 366 1840 398 onici
1849 365 1967 409 generis
1988 362 2091 410 episly·

348 422 421 455 lium
430 432 448 452 a
460 417 663 452 columnarum
671 417 869 461 magnitudine
871 417 942 459 suas
951 414 1043 449 babet
1044 414 1243 462 symmetrias.
1257 423 1451 462 Temperatur
1458 415 1534 448 enim
1551 412 1670 460 epislylu
1679 413 1808 447 altitudo
1811 411 1972 455 secundum
1987 411 2094 446 altitu-

351 471 446 502 dim-m
457 465 706 500 c0l1¹nmar11nl.5i
718 467 809 510 igitur
816 465 954 499 columna
962 463 1026 498 alta
1037 466 1094 498 erit
1101 477 1120 498 a
1149 476 1160 498 1
1172 465 1210 499 2.'
1218 466 1257 498 ad
1272 476 1283 498 1
1295 473 1325 506 ς.
1348 464 1406 510 ped
1409 460 1578 509 .epilelium
1585 461 1708 505 crafflcm
1719 462 1775 495 erit
1783 461 1903 495 dimidia
1911 458 2095 504 craffitudine

349 518 400 551 inii
411 515 494 562 fi-api
503 516 653 549 columna.
658 514 686 558 fi
694 527 712 548 a
746 526 758 547 1
771 525 798 555 ς.
823 516 863 549 ad
890 525 944 547 20.
980 514 1008 545 in
1016 513 1156 548 tredecim
1162 521 1267 560 partes
1277 511 1416 547 columna·
1423 510 1578 556 craffitudo
1582 511 1739 557 partienda
1746 507 1838 552 esu&
1845 507 2042 555 uniucpartis·
2049 509 2096 554 epi

349 564 390 608 fl]
399 564 428 602 lie
440 562 784 609 craffitudofhciendafi
792 575 865 598 *vero
874 575 893 596 a
921 573 935 594 2
944 575 977 595 o.
1004 562 1043 594 ad
1070 572 1085 593 2
1095 570 1125 605 5.
1152 564 1180 595 in
1192 562 1342 596 duodecim
1346 569 1451 607 partes
1459 581 1469 597 ‚
1481 560 1679 598 &dimidiam
1697 559 1857 592 diametros
1865 558 2003 591 columna
2013 566 2096 604 par—

350 608 492 650 tiendam,
503 624 543 647 cx
551 612 597 645 his
607 624 666 646 una
677 611 757 659 episi)
764 612 797 658 lij
806 609 925 646 dabitur
932 609 1102 643 altitudini..
1145 610 1322 656 Epiflylium
1331 610 1460 655 cymatio
1468 630 1478 645 ,
1489 606 1634 653 &ffifilis
1641 605 1752 649 conflat
1762 630 1771 639 .
1797 603 1925 652 Qidfit
1932 607 2095 652 cymatium

352 664 412 696 iam
419 669 515 707 patet;
520 660 595 706 gula
604 662 679 694 enim
688 673 706 694 a
716 659 817 702 nostris
826 661 991 697 dicitum&
999 655 1037 698 esi
1048 658 1132 704 quasi
1141 661 1269 693 omnium
1274 656 1503 706 particularum,
1513 662 1554 696 ξφ
1561 653 1759 690 membrorum
1769 654 1941 702 supremum
1955 664 2094 688 ornamen

355 719 431 745 tum.
459 709 560 753 Fascia·
569 708 829 753 afimilitudinefic
837 710 984 742 dicuntur.

357 761 361 765 '
407 759 456 792 EF
467 770 476 791 ι
489 771 500 792 s
508 769 592 791 rrm
603 769 615 790 1
647 757 782 790 latitudo
794 759 825 790 in
836 758 915 792 imo,
925 766 996 802 quae
1006 754 1094 804 supra
1104 755 1278 803 capitulum
1288 755 1348 790 erit
1357 778 1366 794 ,
1378 764 1495 802 quanta
1513 751 1690 788 crassitudo
1710 750 1839 787 summae
1857 750 2016 785 columnae
2034 747 2092 784 sub

351 808 494 854 capitulo
508 807 580 842 crit,
593 816 674 839 tanta
686 803 751 842 fiat,
764 803 921 837 summum
937 816 1092 849 quantum
1102 806 1184 839 imus
1195 803 1312 853 scapus.

402 862 425 890 E
431 854 583 903 pissylium
593 857 682 888 imum
694 852 796 890 babet,
807 859 847 893 &-
850 853 997 896 fiimmum
1001 854 1124 901 planum
1132 881 1140 888 .
1151 860 1246 889 lmum
1250 852 1374 900 planum
1377 851 1469 900 ficpra
1478 850 1642 898 capitulum
1663 850 1828 886 collocatur
1837 872 1848 888 ‚
1857 849 1949 883 buius·
1964 847 2095 882 latitudo

353 914 440 941 tanta
451 897 518 940 erit,
530 912 642 950 quanta
653 903 698 935 eil
707 900 983 946 craffitudosumma
991 902 1131 937 columna
1140 928 1149 937 .
1175 909 1223 937 Ita
1233 904 1309 936 enim
1321 900 1416 945 solido
1432 899 1613 947 respondebit
1623 922 1634 937 ,
1637 899 1786 943 summum
1798 898 1924 946 planum
1941 906 2005 931 tam
2015 895 2095 930 latus

354 956 422 990 erit,
435 953 523 1000 qua‘m
534 954 610 984 imus
619 949 756 984 columna
758 949 868 998 scapus
877 976 886 984 .
899 952 1000 985 latius
1009 952 1102 997 [gitur
1110 953 1167 986 erit
1174 953 1204 984 in
1207 949 1354 998 superiori
1358 958 1456 998 parte,
1465 948 1554 996 qudm
1563 951 1591 982 in
1600 949 1748 993 inferiori,
1759 948 1839 995 quod
1848 945 1886 988 est
1896 957 1936 980 ex
1946 944 2095 980 membro-

351 1014 418 1037 rum
431 1000 611 1048 proiecl‘ura.

402 1051 591 1095 Cymatium
603 1047 735 1096 epistylij
748 1048 877 1096 septima
904 1060 992 1095 parte
1010 1045 1070 1084 suae
1087 1048 1265 1084 altitudinis
1276 1046 1320 1082 est
1330 1046 1509 1082 faciendum
1520 1070 1529 1085 ‚
1540 1046 1614 1081 &in
1626 1046 1806 1093 ρτοίεᾶυηι
1816 1043 2020 1080 tantundem.

401 1100 525 1133 'Partire
536 1098 756 1141 crassitudinem
780 1096 901 1144 epistylij
916 1100 946 1131 in
960 1108 1061 1146 partes
1069 1098 1181 1146 septem
1190 1120 1200 1136 ‚
1218 1110 1256 1131 ex
1265 1097 1311 1131 his
1319 1108 1408 1130 unam
1417 1098 1488 1130 dato
1497 1097 1627 1142 cymatio
1637 1117 1647 1133 ,
1656 1094 1913 1141 cuiusproieelura
1921 1102 2008 1128 tanta
2017 1094 2074 1128 erit
2081 1115 2094 1130 2

354 1157 469 1196 quanta
480 1147 517 1189 esi
529 1158 566 1180 ea
568 1145 695 1193 septima
700 1155 773 1192 pars
780 1168 791 1184 ‚
801 1148 830 1180 id
837 1140 874 1188 eft
882 1155 998 1181 tantum
1005 1146 1316 1195 prominebit2,qtianta
1325 1143 1362 1187 eft
1378 1147 1440 1179 eius
1446 1144 1573 1178 altitudo
1583 1168 1593 1178 .
1625 1145 1781 1178 ‘Prominet
1795 1151 1897 1176 autem
1904 1142 2094 1179 eximium,

361 1208 425 1245 quae
437 1196 586 1242 respondet
595 1195 788 1228 contractura
795 1194 882 1241 ipsius
891 1194 1040 1230 columna.

405 1246 432 1278 R
443 1256 458 1276 r.
467 1257 485 1277 L
495 1254 587 1286 l'Q'A
615 1255 684 1288 pars
695 1254 805 1287 praeter
818 1244 991 1288 cymatium
1002 1244 1172 1280 diuidenda
1189 1243 1278 1280 estin
1288 1254 1391 1292 partes
1403 1243 1576 1280 duodecim
1585 1265 1596 1282 ‚
1608 1245 1641 1278 &
1656 1254 1765 1277 earum
1774 1241 1872 1276 trium
1888 1239 1989 1288 prima
2003 1237 2095 1275 fascia

355 1291 401 1328 est
414 1291 556 1326 facienda
568 1316 577 1324 .
591 1289 724 1325 secunda
734 1302 873 1336 quatuor
885 1312 892 1326 5
903 1290 1022 1326 summa
1034 1295 1188 1341 quinque.

408 1340 563 1387 Discripto
573 1341 701 1386 cymatio
706 1341 822 1386 partire
830 1339 976 1386 reliquam
984 1342 1112 1389 epistyliq'
1119 1342 1333 1388 craffitudinem
1341 1345 1369 1377 in
1377 1350 1479 1391 partes
1487 1342 1638 1376 duodecim
1646 1364 1657 1380 ‚
1662 1339 1866 1389 primaefiisciae
1874 1362 1884 1378 ,
1895 1338 1952 1373 hoc
1969 1336 2006 1380 eli
2025 1337 2099 1382 infe-

359 1391 443 1427 riori,
456 1395 495 1428 (y
506 1389 650 1431 nonjecus
659 1397 720 1422 tres
726 1397 828 1434 partes
836 1387 930 1426 dabis,
939 1388 1098 1434 haecfhscia
1106 1391 1148 1425 nil
1154 1394 1327 1439 promineta
1337 1392 1416 1426 linea
1433 1399 1539 1426 contra
1550 1390 1633 1424 elatae
1648 1389 1800 1427 columna,
1803 1389 1937 1433 secundae
1954 1395 2098 1435 quatuor,

356 1449 420 1487 quat
429 1448 535 1485 parum
542 1438 690 1484 prominet
705 1448 724 1469 a
729 1437 838 1482 prima,
844 1436 964 1479 fitmmae
973 1442 1111 1487 quinque,
1124 1452 1186 1488 qua
1194 1451 1300 1483 parum
1305 1443 1452 1488 prominet
1459 1439 1623 1482 asccunda:
1630 1447 1696 1486 atq‚·
1705 1440 1748 1472 ita
1757 1436 1895 1485 epistyliis
1903 1436 2099 1481 deformatur.

409 1489 447 1519 Ιτ
455 1498 471 1519 ε
480 1498 503 1518 ,η
533 1484 695 1530 zophorus
706 1483 793 1530 supra
803 1484 983 1531 epistylium
994 1499 1103 1534 quarta
1113 1501 1199 1533 parte
1209 1490 1329 1528 minus,
1340 1488 1438 1531 quain
1448 1487 1626 1534 epistylium
1637 1500 1646 1521 :
1657 1487 1700 1521 sin
1714 1498 1821 1521 autem
1839 1485 1936 1531 sigilla
1953 1483 2101 1531 designa-

357 1536 384 1571 ri
396 1535 577 1580 oportuerit
591 1558 600 1572 ‚
614 1545 722 1579 quarta
732 1544 820 1579 parte
828 1535 937 1572 altior,
949 1536 1047 1582 qudm
1058 1536 1250 1582 epistylium,
1260 1538 1308 1572 uti
1318 1537 1546 1572 authoritatem
1557 1535 1692 1570 habeant
1711 1533 1882 1582 scalpturae.

410 1583 561 1630 zophorus
566 1592 638 1629 pars
648 1579 685 1623 eft
691 1581 783 1628 fitpra
791 1582 960 1629 epistylium
971 1609 979 1618 .
989 1587 1148 1631 Freggimn
1155 1585 1244 1628 nostri
1251 1589 1403 1621 nominant
1413 1612 1422 1620 .
1435 1588 1527 1621 Graeci
1534 1599 1553 1620 a
1557 1586 1690 1630 ferendis
1699 1581 1886 1630 imaginibus,
1896 1580 2102 1629 &scalpturis

363 1631 531 1679 zophorum
543 1632 642 1665 dicunt
653 1654 662 1663 .
690 1632 788 1664 Latini
797 1636 896 1665 Graeco
906 1632 1054 1667 uocabulo
1062 1633 1105 1678 usi
1107 1634 1176 1677 fiant
1185 1659 1195 1669 .
1222 1634 1329 1670 fiebat
1335 1645 1436 1670 autem
1445 1633 1717 1682 zophoruspuluini
1724 1635 1809 1667 modo
1819 1641 1950 1677 turgens,
1961 1630 2102 1678 quemad·

362 1682 482 1715 modum
493 1679 646 1726 descriptio
657 1679 731 1721 infra
737 1678 835 1726 pofita
842 1678 975 1721 ostendit,
983 1684 1159 1730 quandoque
1164 1683 1299 1730 planum,
1309 1686 1455 1718 interdum
1463 1683 1530 1726 scal
1551 1692 1639 1717 turas
1655 1680 1787 1716 babebat
1796 1704 1806 1720 ,
1815 1681 1960 1715 interdum
1969 1677 2104 1726 fimplex

358 1738 439 1763 erat.
478 1729 603 1774 Qando
613 1726 916 1774 cratfinescalpturis,
926 1739 1039 1777 quarta
1044 1740 1133 1778 parte
1154 1733 1253 1765 minus
1267 1731 1364 1764 altum
1379 1741 1445 1766 erat
1452 1754 1463 1770 ‚
1473 1743 1563 1778 quam
1581 1729 1740 1778 epistylium
1749 1754 1759 1764 .
1784 1729 1911 1775 Qando
1930 1727 2104 1774 insculptum

371 1785 452 1815 erat,
464 1786 576 1824 quarta
582 1785 671 1822 parte
680 1775 771 1809 altior
773 1774 882 1818 fiebat.
897 1784 980 1813 Tunc
987 1781 1018 1812 in
1037 1777 1163 1826 epistylio
1173 1801 1182 1817 ‚
1191 1781 1222 1813 in
1235 1778 1389 1826 zophoro,
1400 1784 1440 1818 (5-
1460 1781 1489 1812 in
1499 1777 1705 1826 fiaperiorilzus
1718 1776 1861 1813 membru
1862 1776 1954 1824 supra
1970 1774 2103 1823 capitula

369 1825 575 1860 columnarum
582 1825 757 1858 adiectiones
765 1823 979 1872 illaeflylobatis
986 1828 1195 1874 respondentes,
1202 1826 1367 1871 faciebant.
1378 1828 1620 1874 quemadmodum
1620 1826 1713 1874 supra
1726 1825 1922 1874 descripfimus
1930 1827 1960 1858 in
1968 1826 2038 1862 aede,
2046 1821 2104 1857 “vbi

364 1875 484 1922 podium
493 1873 711 1907 collocauimus.
721 1878 785 1906 ‘Pro
795 1872 955 1909 altitudine
963 1877 1090 1923 zophori
1097 1875 1294 1918 constituenda
1302 1898 1312 1913 ,
1322 1877 1366 1909 ita
1374 1875 1504 1919 sumitur
1510 1884 1620 1923 quarta
1632 1884 1705 1921 pars
1713 1873 1848 1923 epistylij,
1856 1883 1890 1910 ut
1898 1882 1965 1909 tota
1972 1872 2106 1920 craffitu-

367 1924 405 1957 do
415 1922 535 1970 tpistylij
543 1932 609 1955 cum
620 1922 675 1963 Juo
684 1922 812 1967 cymatio
822 1922 1004 1963 mensuretur
1013 1948 1022 1956 .
1035 1923 1128 1958 habet
1135 1933 1236 1958 autem
1243 1923 1538 1970 zoplioros,&fiaeum
1547 1926 1721 1971 cymatium.

417 1971 604 2018 Cymatium
617 1967 677 2003 suae
689 1968 865 2002 altitudinis
875 1970 974 2014 partis
984 1969 1135 2017 septimae,
1143 1971 1322 2020 proiefiura
1332 1972 1459 2020 cymatij
1470 1983 1589 2020 quanta
1603 1972 1670 2005 eius
1690 1969 1877 2007 crassitudo.
1926 1975 1967 2006 Es
1983 1970 2043 2006 haec
2050 1971 2104 2005 de-

363 2032 446 2056 mum
458 2023 516 2053 iam
526 2018 683 2061 notafimt,
694 2023 735 2057 θ
745 2016 1062 2064 defiriptionibusfiztis
1068 2019 1230 2065 manifesta.

416 2071 530 2102 vana
557 2067 739 2114 zophorum
751 2064 934 2100 denticulus
945 2066 989 2100 est
999 2066 1172 2108 faciendus,
1181 2080 1245 2104 tam
1255 2070 1336 2104 altus
1345 2069 1442 2117 quam
1457 2068 1590 2117 epistylij
1600 2069 1703 2105 media
1711 2067 1805 2104 fascia
1816 2095 1826 2105 .
1847 2066 2027 2114 ρτοίεᾶυτα
2037 2066 2105 2102 eius

370 2128 527 2165 quantum
539 2115 690 2150 altitudo.
708 2112 984 2161 Interseffimquae
994 2117 1110 2151 Graece
1120 2119 1263 2154 metochi
1273 2120 1402 2157 dicitur,
1411 2119 1451 2154 sic
1462 2118 1505 2153 est
1515 2118 1698 2157 diuidenda,
1707 2119 1752 2152 uti
1771 2117 1950 2152 denticulus
1960 2116 2104 2151 altitudi-

368 2168 418 2200 nis
432 2163 490 2198 suae
502 2163 666 2198 dimidiam
677 2163 790 2197 habeat
800 2173 923 2208 partem
933 2164 966 2197 in
977 2162 1097 2199 fronte.
1107 2168 1219 2201 Cauus
1230 2178 1336 2202 autem
1346 2166 1579 2201 intersectionis
1588 2167 1682 2203 huius
1691 2165 1807 2201 frontis
1816 2178 1833 2200 e
1843 2165 1945 2200 tribus
1971 2165 2048 2200 duas
2059 2165 2102 2198 la-

370 2213 521 2248 titudinis
533 2223 638 2259 partcs
649 2211 772 2246 habeat.
789 2211 883 2245 huius
895 2213 1066 2258 cymatium
1077 2215 1254 2249 altitudinis
1263 2217 1330 2250 eius
1341 2215 1453 2250 sextam
1465 2227 1598 2263 partem.

423 2261 599 2296 Denticulus
609 2274 627 2293 a
631 2260 820 2304 similitudine
821 2260 868 2303 fic
878 2263 971 2295 dictus
979 2285 989 2300 ‚
999 2264 1140 2308 originem
1142 2263 1265 2311 sumpsit
1272 2262 1312 2298 ab
1322 2263 1463 2311 operibus
1471 2265 1585 2311 ligneis,
1593 2269 1634 2304 (y
1643 2266 1885 2312 quemadmodum
1902 2262 2067 2311 triglyphos
2074 2264 2104 2297 in

371 2312 482 2346 Dorico
484 2321 599 2355 genere
610 2322 627 2342 a
637 2308 785 2355 capitibus
801 2308 944 2348 trabium,
954 2313 998 2344 ita
1018 2311 1198 2346 denticulum
1207 2315 1236 2346 in
1253 2315 1361 2347 Ionicis
1378 2312 1417 2347 ab
1437 2313 1489 2357 aff
1482 2325 1563 2347 erum
1580 2312 1729 2359 capitibus
1734 2313 1882 2360 firmpsere
1893 2335 1902 2350 ,
1913 2313 2104 2360 quemadmo-

368 2362 441 2394 dum
449 2368 556 2405 quarto
565 2356 642 2391 libro
651 2358 818 2401 innotescet.
827 2362 867 2392 ,Α
868 2357 929 2392 ltus
936 2360 1026 2404 igitur
1034 2359 1200 2394 denticulus
1208 2359 1246 2402 esl
1254 2371 1397 2408 quantum
1406 2363 1502 2395 media
1510 2360 1741 2408 cpistylt'jftzfi-ia.
1751 2362 1920 2408 proiecslura
1928 2363 1991 2394 eius
1998 2359 2104 2394 altitu-

365 2409 426 2441 dini
433 2417 501 2454 ραν.
519 2405 646 2439 latitudo
656 2407 684 2438 in
688 2406 798 2447 fronte,
810 2417 871 2452 quse
880 2412 976 2441 Graece
984 2408 1112 2442 metochi
1118 2431 1127 2446 ‚
1136 2408 1228 2443 latine
1235 2410 1398 2452 interseffio
1407 2413 1516 2445 dicitur
1523 2432 1534 2448 ,
1548 2410 1593 2444 eft
1602 2421 1617 2443 e
1625 2412 1743 2445 dimidia
1759 2410 1928 2444 altitudinis
1943 2406 2103 2443 denticuli.

368 2462 432 2492 Cau
439 2467 483 2492 us,
493 2455 567 2488 idcs‘t
570 2455 698 2500 spatium
707 2456 783 2488 inter
790 2454 952 2489 denticulos
959 2477 969 2493 ,
979 2457 1058 2503 quod
1065 2462 1106 2496 &
1113 2466 1231 2504 metopa
1241 2459 1348 2492 dicitur
1358 2481 1368 2496 ,
1379 2465 1420 2499 ej*
1428 2470 1535 2494 cauum
1543 2458 1759 2493 columbarium
1778 2471 1817 2493 ex
1825 2456 1941 2492 duabus
1948 2457 2045 2502 tertiq's
2054 2455 2103 2489 la—

366 2505 504 2539 titudinis
514 2502 838 2549 denticuli.C)miatium
845 2504 984 2537 denticuli
986 2513 1043 2551 pro
1046 2505 1136 2547 sexta
1141 2514 1229 2553 parte
1237 2508 1299 2540 eius
1306 2506 1485 2544 altitudinis,
1494 2516 1560 2555 atq;
1571 2506 1628 2541 hoc
1637 2509 1722 2542 niodo
1731 2506 1895 2542 denticulus
1903 2503 2100 2547 constituitur.

417 2553 470 2586 Co
478 2563 523 2585 Ro
531 2562 579 2584 NA
608 2563 682 2584 cum
692 2550 748 2585 suo
759 2552 1021 2597 cymatio2praeter
1031 2553 1309 2600 simam,quantum
1319 2556 1423 2590 media
1434 2554 1525 2589 fascia
1534 2554 1678 2603 epistylij.
1692 2556 1874 2589 Proiectum.
1884 2565 2015 2588 coronae
2025 2565 2101 2588 cum

369 2600 540 2635 denticulo
551 2598 693 2634 facienda
702 2598 758 2638 est,
770 2610 926 2646 quantum
937 2600 995 2633 erit
1003 2601 1142 2636 altitudo
1152 2615 1168 2635 a
1180 2603 1331 2649 zophoro
1340 2605 1378 2638 ad
1390 2602 1548 2638 summum
1565 2616 1694 2638 coronae
1705 2603 1877 2651 cymatium
1891 2624 1902 2640 s
1911 2605 1943 2636 &
1961 2602 2102 2636 omnino

369 2661 484 2685 omnes
493 2648 640 2693 ecphorae
652 2648 867 2682 uenustiorcm
888 2648 1006 2683 habent
1016 2647 1203 2696 specic‘‚quae
1221 2655 1343 2697 quantu
1353 2652 1528 2686 altitudinis
1541 2674 1551 2689 ‚
1561 2653 1716 2687 tantunde
1726 2651 1861 2686 babeant
1871 2651 2077 2697 proiecturae.

416 2704 533 2734 corona
541 2695 581 2730 ab
589 2697 692 2741 cffeeflu
702 2698 810 2731 dicitnr
819 2719 828 2734 ,
836 2698 988 2743 p›·aecingit
996 2699 1072 2731 enim
1080 2699 1161 2736 ades,
1174 2699 1408 2744 gocciolatoium
1418 2700 1490 2735 ltali
1497 2702 1739 2747 nominant,quod
1753 2698 1793 2733 ab
1801 2711 1836 2733 ea
1839 2708 1935 2745 guttai
1951 2701 2100 2735 decidant.

370 2747 516 2783 Altitudo
526 2756 638 2779 corona
648 2745 774 2787 cumfiio
784 2748 913 2792 cymatio
923 2754 1065 2828 {uantum
1074 2749 1168 2780 media
1171 2746 1269 2790 fizscia
1277 2748 1397 2796 epislyliy¹
1406 2774 1414 2782 .
1419 2750 1537 2797 partire
1544 2752 1573 2783 in
1578 2758 1682 2796 partes
1692 2758 1753 2783 tres
1771 2747 1959 2783 altitudinem
1977 2759 2100 2786 coronae‚

369 2808 409 2830 ex
421 2797 456 2840 ijs
467 2805 557 2828 unam
566 2795 694 2838 cymatio
704 2796 764 2827 eius
772 2793 856 2828 dabis
866 2819 874 2828 .
885 2793 924 2828 ha
947 2803 977 2828 et
984 2803 1085 2828 autem
1096 2806 1206 2829 corona
1216 2797 1394 2831 denticulum
1402 2810 1422 2831 a
1430 2799 1538 2844 capite,
1547 2796 1782 2840 ideflsefflonem
1791 2801 1939 2843 quandam
1947 2820 1957 2836 ‚
1968 2803 2009 2838 ύ-
2017 2808 2082 2831 men
2088 2817 2101 2823 ·

367 2852 432 2878 tum
443 2864 453 2879 ‚
473 2851 506 2875 ut
515 2844 559 2875 ait
576 2848 607 2876 V
607 2844 680 2876 itru.
689 2851 723 2876 ut
725 2852 820 2888 gutta
828 2844 990 2877 decidentes
998 2854 1065 2877 cum
1074 2844 1239 2878 inuenerint
1249 2843 1408 2887 stelionem
1415 2847 1497 2880 illam
1513 2845 1555 2880 ibi
1570 2846 1723 2890 consistant
1737 2868 1748 2884 ‚
1759 2851 1800 2885 (5-
1808 2857 1865 2879 non
1873 2847 1983 2880 cadant
1989 2845 2102 2880 diretta

362 2891 454 2938 supra
465 2891 574 2936 lapides
587 2912 597 2926 ‚
609 2895 650 2928 (εν
658 2902 809 2925 marmora
818 2892 969 2935 inferiora.
996 2892 1173 2927 ‘proiectura
1181 2894 1271 2937 igitur
1280 2905 1392 2928 coronae
1400 2906 1468 2929 cum
1475 2894 1625 2928 denticulo
1627 2894 1769 2938 jicienda
1780 2892 1829 2936 eft,
1838 2903 1982 2941 quantum
1992 2896 2049 2928 erit
2054 2893 2102 2927 al-

373 2942 469 2973 titudo
479 2950 498 2970 a
507 2938 642 2984 zophoro
651 2938 839 2980 adfitmmum
849 2952 964 2974 corona
971 2942 1131 2988 cymatium
1139 2961 1149 2977 ‚
1159 2942 1229 2987 quia
1239 2952 1339 2976 omnes
1346 2943 1477 2990 ecphorae
1485 2965 1494 2980 ‚
1503 2944 1534 2977 id
1545 2942 1584 2985 est
1596 2944 1770 2990 proiectura
1784 2941 1975 2984 uenustiorem
1989 2941 2104 2977 habent

2124 543 2169 567 10

2124 1033 2171 1059 20

2131 1525 2176 1562 30

2130 2015 2181 2062 4⁰.

362 2988 500 3036 speciem,
510 2998 572 3034 (με
580 2994 697 3020 tantum
703 2991 901 3034 promineant,
913 2998 1056 3037 quantum
1068 2987 1220 3033 altaeJimt.
1230 2992 1376 3026 metienda
1383 3003 1454 3027 uero
1464 2989 1501 3036 est
1509 3002 1622 3027 corona
1631 3003 1698 3029 cum
1701 2991 1756 3038 fico
1765 2992 1894 3039 cymatio
1906 2991 2048 3028 altitudo,
2059 2992 2104 3025 ita
2131 2984 2176 3018 6⁰

2003 3048 2039 3076 ut
2048 3050 2106 3075 mm
