2241 3318
84 613 148 643 iro

103 1108 148 1132 ²0

92 1596 144 1637 ³0

95 2106 143 2142 ‘40

941 133 1307 183 ‘RORVSs
1859 148 1925 184 271

179 217 249 247 rum
259 204 297 238 ad
308 202 433 238 sacoma
442 203 592 251 appendit
605 202 820 251 redemptori.
850 204 881 237 Is
892 201 931 240 ad
945 215 1070 248 tempus
1082 215 1165 250 opus
1176 203 1393 246 manufaftum
1414 203 1570 240 subtiliter
1587 206 1656 253 regi
1673 205 1865 254 approbauit
1875 230 1885 245 ‚
1895 211 1930 243 δε

179 255 218 297 ad
228 252 349 287 sacoma
359 252 486 298 pondus
497 265 626 291 ,coronat
638 251 722 292 uisus
741 250 787 285 est
799 250 985 298 praestitisse.
998 251 1205 299 posteaquam
1225 254 1377 288 inditium
1395 253 1439 295 est
1450 252 1568 291 faustum
1579 278 1588 294 ‚
1603 255 1738 302 dempto
1756 267 1836 289 auro
1858 265 1929 290 tan—.

179 301 311 337 tundem
320 302 445 349 argenti
456 302 488 334 in
500 302 531 343 id
541 301 729 337 coronarifi,
741 312 824 345 opus
834 301 1013 341 admixtum
1025 299 1095 334 effe.-
1106 300 1292 348 indignatus
1309 302 1414 336 Hiero
1425 301 1452 335 se
1462 313 1689 350 contemptum
1699 327 1710 342 ,
1724 316 1828 351 neque
1837 304 1931 338 inue-

178 351 267 385 nicns
277 363 338 397 qua
350 352 474 384 ratione
485 351 518 385 id
536 348 657 384 furtum
669 348 921 396 deprehenderet
934 372 943 387 ,
957 349 1086 396 rogauit
1103 349 1397 388 Archimedem,uti
1407 351 1440 384 in
1452 348 1481 383 se
1494 349 1629 386 sumeret
1640 352 1696 386 fibi
1706 352 1744 387 de
1754 365 1794 386 eo
1803 353 1931 400 cogita-

177 399 301 433 tionem
313 423 322 433 .
348 399 446 433 Tunc
464 400 490 432 is
503 411 577 433 cum
588 397 715 431 haberet
724 397 790 431 eius
801 398 845 431 rei
858 409 966 431 curam
979 423 988 436 ‚
1001 395 1070 431 casu
1082 398 1171 431 uenit
1184 398 1218 431 in
1226 398 1392 436 balneum,
1411 398 1491 446 ibic'1;
1504 412 1577 433 cum
1589 401 1621 435 in
1634 399 1748 436 solium
1759 399 1931 436 descende-

176 449 467 483 ret‚animaduertit
477 458 633 494 quantum
645 446 793 492 corporis
803 443 847 485 sui
859 447 889 479 in
910 458 951 483 eo
969 445 1118 481 infideret
1129 468 1140 485 ,
1151 455 1278 480 tantum
1297 458 1385 492 aquae
1405 457 1490 483 extra
1504 445 1618 485 solium
1637 448 1768 483 effluere
1778 475 1787 484 .
1815 452 1930 496 Itaque

176 507 250 529 cum
261 496 327 530 eius
336 497 380 531 rei
390 496 548 530 rationem
559 495 778 540 explicationis
789 492 969 529 offendisset
980 516 990 532 ‚
1001 507 1069 528 non
1080 493 1124 528 est
1135 506 1291 532 moratus,
1301 494 1353 529 sed
1363 495 1487 529 exiliuit
1499 497 1619 542 gaudio
1631 509 1740 537 motus
1751 498 1789 531 de
1801 496 1929 536 s01i0‚&

176 545 281 579 nudus
293 545 410 578 uadens
421 544 559 578 domum
572 543 675 578 uersus
688 541 885 589 lignificabat
902 543 985 577 clara
1005 555 1086 577 uoce
1098 541 1248 577 inuenisse
1261 543 1350 589 quod
1362 555 1517 590 quaereret
1528 568 1538 577 .
1567 545 1653 578 Nam
1671 558 1798 584 currens
1810 546 1928 580 identi-

175 592 248 626 dem
261 592 363 639 graece
374 592 531 626 clamabat
542 592 669 630 Eurica,
683 591 800 625 Eurica
812 614 821 624 .
836 592 925 627 Tum
937 603 1015 626 uero
1027 603 1063 625 ex
1074 603 1114 624 eo
1124 592 1325 629 inuentionis
1335 590 1507 638 congressu
1518 591 1595 627 duas
1605 593 1722 628 dicitur
1732 592 1834 628 feciffe
1846 594 1929 630 mas-

176 640 220 676 sas
231 653 328 688 :equo
338 640 498 688 pondere,
509 654 577 688 quo
587 642 681 674 etiam
694 638 794 674 fuerat
808 652 1041 678 corona,unam
1053 653 1091 674 ex
1101 640 1327 679 auro‚alteram
1340 653 1377 674 ex
1385 650 1523 686 argento
1533 665 1543 674 .
1571 642 1658 675 Cum
1668 642 1707 676 ita
1720 640 1839 677 fecisset
1850 667 1858 682 ‚
1871 656 1926 677 uas

175 691 319 738 amplum
330 690 369 724 ad
383 689 501 729 summa
511 689 597 732 labra
610 690 757 734 impleuit
766 701 859 735 aqua,
871 689 903 722 in
915 701 983 736 quo
993 688 1119 724 demisit
1134 699 1319 733 argenteam
1338 687 1465 723 massam
1475 712 1484 728 ,
1497 689 1586 725 cuius
1598 701 1716 736 quanta
1734 692 1927 737 magnitudo

175 738 210 773 in
222 737 292 773 uase
301 736 440 785 depress‘a
450 737 507 779 est,
521 749 643 772 tantum
655 749 743 784 aquae
753 736 888 776 effluxit,
900 739 943 772 ita
953 747 1102 783 exempta
1113 734 1217 777 massa,
1231 748 1354 785 quanto
1368 738 1473 772 minus
1483 736 1605 772 saetam
1616 737 1718 773 fuerat
1727 737 1928 777 refudit,sex-

175 788 258 821 tario
269 786 405 826 mensus,
416 798 451 821 ut
460 787 578 821 eodem
596 787 700 819 modo
714 799 781 832 quo
791 788 878 834 prius
889 785 1008 824 fuerat,
1022 788 1062 820 ad
1074 786 1159 820 labra
1174 797 1369 834 aequaretur.
1397 789 1447 820 Ita
1465 798 1502 820 ex
1519 798 1560 820 eo
1579 787 1703 824 inuenit
1721 798 1876 839 quantum
1886 788 1927 822 ad

181 847 304 870 certum
315 836 442 882 pondus
451 836 577 883 argenti
588 846 672 869 certa
683 846 772 882 aquae
783 833 928 869 mensura
943 833 1149 882 responderet
1161 860 1170 869 .
1182 847 1256 869 cum
1265 836 1299 870 id
1310 845 1456 883 expertus
1466 833 1539 870 esset
1549 860 1558 875 ‚
1568 847 1638 871 tum
1649 847 1778 871 auream
1797 834 1928 870 massam

175 884 315 919 fimiliter
323 886 420 932 pleno
431 883 500 919 uase
518 883 658 922 demisit,
669 888 700 918 δε
711 895 746 917 ea
765 895 921 931 exempta,
930 884 1042 919 eadem
1052 884 1176 918 ratione
1193 882 1336 920 mensura
1347 883 1456 918 addita
1466 906 1476 921 ‚
1487 885 1611 919 inuenit
1622 897 1658 919 ex
1676 897 1758 933 aqua
1769 897 1838 919 non
1855 895 1926 919 tan-

174 944 244 968 tum
255 932 433 973 defluxisse,
443 932 494 967 sed
505 944 630 968 tantum
643 933 748 967 minus
757 953 771 970 ,=
785 944 944 980 quantum
955 933 1059 966 minus
1076 944 1196 979 magno
1215 944 1354 979 corpore
1366 933 1482 967 eodem
1492 933 1637 980 pondere
1655 936 1723 969 auri
1745 932 1838 967 massa
1851 932 1926 968 effer

174 982 271 1030 quarn
283 983 406 1029 argenti
416 1008 426 1018 .
456 981 570 1016 Postea
579 994 657 1016 uero
675 982 796 1028 repleto
807 980 875 1015 uase
886 983 919 1016 in
930 981 1041 1015 eadem
1051 994 1131 1029 aqua
1143 978 1208 1028 ipsa
1218 994 1340 1016 corona
1351 981 1491 1017 demissa,
1503 982 1627 1020 inuenit
1639 984 1708 1028 plus
1719 994 1808 1030 aquae
1820 981 1925 1018 deflu-

174 1030 250 1065 xiffe
260 1031 293 1065 in
303 1029 573 1077 coronam,qu:im
584 1031 617 1064 in
626 1042 752 1064 auream
764 1030 880 1064 eodem
892 1030 1037 1077 pondere
1049 1027 1175 1068 massam
1185 1052 1194 1067 ,
1206 1034 1236 1064 δι
1248 1030 1290 1063 ita
1300 1042 1337 1064 ex
1347 1042 1399 1070 e0,
1411 1030 1502 1077 quod
1513 1031 1585 1078 plus
1594 1030 1771 1066 defluxerat
1790 1044 1880 1078 aquae
1891 1032 1924 1066 in

174 1091 295 1114 corona
307 1103 318 1118 ‚
328 1080 425 1127 quam
436 1080 468 1114 in
479 1077 571 1113 maffa
580 1101 591 1117 ‚
603 1080 808 1119 ratiocinatus
818 1103 829 1119 ‚
838 1077 1047 1127 deprehendit
1055 1079 1180 1126 argenti
1193 1078 1227 1113 in
1236 1091 1316 1113 auro
1329 1079 1531 1118 mixtionem,
1543 1083 1573 1114 ἃ
1584 1079 1789 1121 manifestum
1799 1079 1924 1115 furtum

173 1128 390 1175 redemptoris
399 1153 408 1162 .
881 1131 883 1133 ’
1099 1130 1107 1135 ’

247 1180 330 1224 Ignis
349 1180 426 1213 inter
443 1177 589 1213 elementa
605 1176 765 1222 leuissimus
782 1176 820 1220 est
829 1201 839 1216 ,
849 1179 988 1224 quoniam
1013 1176 1150 1213 omnibus
1163 1176 1310 1225 fitperflat
1320 1202 1330 1211 .
1371 1183 1466 1213 Terra
1478 1177 1650 1224 grauiffima
1666 1201 1677 1218 ‚
1695 1180 1835 1227 quoniam
1851 1189 1925 1212 om-

174 1224 265 1260 nibus
280 1225 396 1269 substat
403 1252 412 1261 .
433 1239 487 1261 aer
495 1249 505 1265 ,
523 1226 636 1274 aquaq;
657 1238 713 1260 non
730 1225 866 1270 absolute¹
875 1249 885 1264 ,
897 1226 950 1270 sed
965 1227 1093 1274 respectu
1103 1229 1214 1273 grauia
1230 1248 1241 1264 ‚
1259 1233 1300 1267 (φ
1318 1226 1397 1261 leuia
1413 1225 1559 1261 elementa
1567 1227 1639 1270 fimt
1649 1253 1658 1262 .
1679 1239 1733 1262 aer
1749 1230 1824 1262 enim
1839 1238 1925 1275 aquae

168 1274 354 1322 superfertur
371 1298 382 1313 ,
391 1278 450 1322 igni
460 1274 600 1319 subiacet
609 1291 621 1317 ,·
630 1287 710 1321 aqua
727 1283 811 1310 terrae
819 1274 1026 1323 superlabitur
1033 1298 1043 1314 ‚
1060 1278 1124 1310 aeri
1138 1277 1313 1322 deprimitur
1323 1300 1333 1310 .
1366 1280 1443 1322 Qu
1461 1278 1559 1310 minus
1573 1288 1622 1310 res
1634 1289 1715 1324 ,qua
1731 1288 1771 1311 ex
1787 1276 1924 1310 elemen-

174 1326 216 1358 tis
233 1333 451 1371 componuntur
461 1347 471 1362 ,
483 1333 598 1359 motum
619 1335 720 1358 eorum
737 1324 954 1372 confi’quuntur
963 1346 972 1362 ,
982 1326 1025 1359 ita
1042 1333 1077 1359 ut
1091 1336 1155 1371 quae
1171 1326 1313 1359 maiorem
1329 1326 1406 1369 ignis
1423 1347 1433 1362 ‚
1453 1324 1502 1358 uel
1527 1326 1605 1358 aeris
1617 1327 1786 1372 portionem
1811 1323 1925 1358 habent

168 1372 364 1420 fiiperuolent
378 1396 388 1412 ‚
401 1385 463 1422 qua²
481 1373 552 1408 uerd
571 1385 654 1420 aqua
671 1394 680 1410 ,
699 1378 740 1412 (φ
760 1382 878 1408 terreno
895 1372 1053 1408 abundant
1069 1395 1080 1411 ‚
1098 1373 1229 1416 deorfiim
1244 1374 1385 1417 ferantur
1397 1398 1406 1407 .
1419 1382 1565 1420 praterea
1582 1372 1758 1408 elementum
1783 1384 1869 1407 omne
1893 1375 1924 1406 iu

168 1420 238 1465 sede
263 1433 282 1455 a
315 1431 426 1456 natura
446 1421 508 1466 fibi
530 1423 660 1457 consiita
683 1443 694 1459 ‚
723 1423 777 1470 qui
781 1421 851 1465 efiit
858 1445 868 1460 ,
885 1434 966 1470 aqua
980 1424 1011 1456 in
1028 1434 1107 1470 aqua
1124 1441 1135 1459 >
1153 1434 1206 1456 aer
1221 1424 1251 1456 in
1275 1434 1345 1457 aere
1364 1431 1502 1456 moratur
1512 1447 1521 1456 .
1569 1424 1660 1466 Ratio
1677 1422 1739 1456 hac
1755 1434 1811 1456 non
1829 1423 1924 1468 respi-

171 1472 217 1504 cit
231 1471 371 1517 ponderis
390 1472 589 1517 quantitatem
597 1491 608 1507 ,
621 1469 674 1514 fied
686 1471 811 1517 speciem
823 1472 989 1517 grauitatis
998 1493 1008 1509 ‚
1017 1471 1100 1505 aliud
1115 1473 1190 1506 enim
1208 1469 1246 1513 est
1254 1473 1351 1506 dicere
1368 1470 1486 1505 trabem
1496 1482 1635 1516 magnam
1640 1471 1713 1518 plus
1720 1472 1857 1518 ponderis
1867 1471 1925 1504 ha-

171 1515 241 1552 bere
251 1519 336 1552 tenui
353 1517 469 1565 plumbi
479 1518 589 1556 lamna,
599 1519 681 1553 aliud
685 1518 841 1566 plumbum
849 1519 904 1565 effe
911 1519 991 1565 ligno
1000 1522 1130 1566 grauius
1140 1545 1149 1554 .
1159 1531 1229 1553 nam
1239 1519 1310 1564 &fi
1319 1518 1405 1554 trabs
1411 1521 1582 1567 quantitate
1593 1525 1635 1559 (φ
1649 1519 1730 1554 mole
1731 1519 1786 1563 sua
1792 1520 1924 1566 pondere

167 1568 297 1613 praestet,
305 1568 400 1601 leuior
407 1576 509 1602 tamen
517 1566 555 1610 est
560 1566 683 1615 plumbo
686 1567 848 1610 secundum
851 1571 1017 1615 grauitatis
1019 1569 1164 1613 formam,
1174 1580 1243 1602 nam
1252 1568 1365 1615 lignum
1373 1572 1402 1602 in
1412 1581 1491 1616 aqua
1494 1568 1680 1615 supernatat,
1686 1567 1843 1616 plumbum
1851 1579 1924 1602 uero

169 1617 211 1650 ad
225 1616 354 1660 fundum
363 1614 514 1651 delabitur
523 1641 533 1651 .
564 1623 609 1652 Vt
617 1619 709 1663 igitur
720 1619 887 1663 grauitatis
898 1618 1023 1664 speciem
1043 1618 1268 1664 cognofiamus,
1280 1617 1389 1663 necesse
1398 1616 1436 1660 esl
1453 1617 1545 1651 moles
1555 1617 1757 1664 perfeiflorum
1765 1626 1924 1664 corporum

167 1663 298 1711 aequales
299 1663 417 1707 sumere
424 1686 436 1702 ,
446 1664 537 1712 quaefi
543 1666 672 1711 pondere
683 1676 765 1712 aquo
780 1667 977 1705 inueniantur,
991 1668 1123 1701 dicemus
1132 1679 1186 1701 cas
1196 1666 1347 1714 eſjespecie
1357 1667 1437 1714 aeque*
1439 1668 1541 1713 graui.
1551 1667 1609 1700 Sed
1610 1665 1639 1710 fi
1645 1665 1745 1700 altera
1752 1668 1849 1700 maius
1857 1665 1924 1699 ha·-

168 1712 254 1747 bebit
260 1714 376 1759 pondus
386 1735 397 1751 ,
407 1716 498 1747 etiam
508 1713 656 1759 affirmare
669 1716 835 1760 poterimus
851 1725 959 1762 corpus
977 1715 1054 1748 illius
1065 1716 1160 1762 specie
1170 1720 1300 1761 grauius
1317 1716 1413 1750 altero
1430 1714 1484 1760 effi:
1493 1739 1502 1749 .
1530 1720 1609 1762 Cape
1619 1723 1737 1749 tan-tum
1753 1725 1923 1749 marmorea

171 1760 269 1807 molis,
281 1770 428 1808 quantum
436 1761 547 1807 lignea,
559 1771 613 1795 aut
621 1765 781 1807 aqueae,aio
790 1773 938 1811 quatenus
945 1764 985 1797 ad
994 1765 1226 1809 magnitudinem
1230 1765 1356 1811 specht,
1365 1776 1497 1798 marmor
1502 1763 1571 1811 plus
1579 1762 1690 1798 habere
1694 1765 1834 1810 ponderis
1840 1786 1850 1801 ‚
1861 1766 1922 1810 qua

170 1809 292 1855 lignum,
302 1809 351 1844 uel
360 1822 452 1858 aqua,
464 1810 577 1856 lignum
586 1810 759 1855 leuissimum
770 1833 779 1849 ,
792 1814 932 1859 quoniam
942 1810 1176 1860 aquaesuperslat
1185 1835 1194 1850 ‚
1207 1824 1340 1847 marmor
1343 1814 1549 1859 grauissimum
1558 1834 1568 1849 ‚
1579 1814 1720 1859 quoniam
1734 1815 1764 1846 in
1771 1824 1853 1860 aqua
1861 1813 1922 1846 de—

165 1858 290 1902 scendit.
300 1860 363 1893 ideo
368 1857 465 1905 potesl
473 1859 608 1893 concludi
615 1870 725 1907 aquam
734 1871 880 1895 marmore
892 1859 1033 1894 leuiorem
1043 1883 1054 1899 ,
1063 1861 1143 1906 ligno
1148 1862 1242 1907 specie
1251 1861 1306 1905 effe
1317 1864 1502 1908 grauiorem.
1528 1862 1614 1896 Vnde
1617 1860 1657 1903 fit
1665 1869 1700 1894 ut
1707 1870 1864 1908 corporum
1874 1862 1904 1894 di
1908 1880 1922 1887 —

168 1906 330 1950 uersorum,
342 1913 382 1947 04¹1]-
391 1907 511 1954 aequalis
515 1909 655 1955 ponderis
664 1908 736 1942 illud
744 1910 800 1942 erit
811 1909 888 1942 mole
906 1911 1002 1943 maius
1013 1932 1022 1947 ‚
1038 1910 1116 1958 quod
1117 1910 1213 1956 specie
1222 1909 1318 1944 leuius
1327 1912 1384 1945 erit
1395 1935 1404 1945 .
1414 1911 1483 1945 hinc
1492 1911 1536 1946 eft
1545 1912 1625 1957 quod
1633 1921 1673 1944 ex
1680 1911 1778 1953 massis
1786 1907 1901 1943 duabus
1909 1931 1920 1946 ,

165 1968 295 2003 quarum
303 1955 401 1990 altera
410 1968 450 1991 ex
457 1968 529 1990 auro
532 1956 574 2000 fit
582 1979 592 1994 ‚
602 1956 702 1991 altera
713 1968 752 1991 ex
761 1967 883 2003 argento
893 1981 903 1995 ‚
914 1957 984 1992 l1cet
992 1957 1137 2005 aquofint
1146 1960 1275 2006 pondere
1282 1982 1292 1998 ‚
1301 1969 1445 2004 argentea
1453 1968 1553 1993 tamen
1562 1957 1653 2003 massa
1661 1960 1757 1992 maior
1765 1960 1821 1992 erit
1830 1957 1919 1995 mole,

167 2005 259 2052 qua'm
266 2017 314 2042 ea,
325 2016 388 2052 qua
396 2016 436 2038 ex
443 2017 517 2038 auro
521 2005 607 2049 satta
610 2005 719 2049 fuerit.
746 2011 794 2039 Ex
803 2008 872 2040 huin
886 2009 963 2041 modi
965 2007 1166 2054 speculatione
1174 2009 1296 2042 adiutus
1312 2008 1638 2051 Archimedesfurtum
1645 2009 1708 2041 eius
1717 2006 1920 2053 deprehendit,

166 2056 220 2100 qui
231 2065 353 2088 auream
364 2065 504 2087 coronam
514 2056 638 2088 Hieroni
647 2056 861 2103 Syracusarum
870 2057 944 2101 Regi
948 2066 1005 2103 pro
1023 2065 1094 2090 uoto
1101 2056 1272 2099 faciendam
1275 2056 1442 2104 sumpserat
1453 2081 1461 2095 ‚
1472 2068 1542 2090 nam
1549 2055 1670 2099 maffizm
1679 2067 1717 2089 ex
1725 2067 1799 2089 auro
1807 2057 1837 2089 in
1847 2056 1921 2099 vast?

167 2115 249 2150 aqua
256 2102 343 2149 pleno
353 2102 523 2140 collocarat,
538 2111 609 2137 nota
616 2101 693 2150 uitq';
702 2113 845 2151 quantum
854 2116 938 2151 aquae
951 2116 967 2138 e
975 2104 1044 2149 uase
1053 2104 1225 2150 effluxerat,
1233 2107 1339 2152 poftea
1358 2112 1399 2145 &v
1407 2105 1528 2152 massam
1535 2116 1576 2138 ex
1585 2113 1710 2149 argento
1718 2103 1921 2151 aqualispon-

168 2153 245 2185 deris
253 2155 283 2185 in
291 2163 354 2186 *aaa
361 2153 467 2185 iterum
472 2151 595 2198 plenum
604 2163 683 2198 aqua
705 2151 817 2196 demisit
828 2174 838 2190 ‚
849 2153 1013 2200 αάιιενῐίῐᾲς
1026 2153 1166 2197 fimiliter
1178 2163 1323 2201 quantum
1333 2166 1415 2201 aqua
1425 2165 1464 2187 ex
1471 2154 1543 2197 vase
1553 2152 1722 2198 defluxerit,
1732 2163 1858 2200 emaque
1865 2155 1920 2186 ui-

169 2199 252 2244 diffet
259 2199 330 2247 plus
338 2211 420 2247 aqua
429 2212 469 2234 ex
483 2210 627 2246 argentea
636 2200 730 2244 maffia
737 2203 890 2236 iniettione
900 2202 1062 2247 defluxiffe‚
1072 2214 1197 2237 auream
1206 2214 1346 2237 coronam
1355 2205 1385 2236 in
1395 2204 1496 2236 eodem
1504 2202 1570 2245 uaft
1578 2201 1664 2248 pleno
1672 2201 1920 2244 collocatam-leu-

168 2248 240 2296 τιή,-
246 2249 316 2296 plus
321 2260 417 2296 aque,
425 2248 515 2296 qudm
524 2261 564 2283 ex
572 2261 666 2284 aurea
675 2248 769 2293 maffae
777 2250 958 2297 impofitione
968 2250 1098 2298 effufitm
1108 2252 1184 2286 unde
1191 2252 1308 2297 collegit
1309 2252 1428 2295 furtum
1436 2249 1576 2295 inesse&
1588 2261 1627 2284 ex
1636 2249 1738 2296 regula
1749 2252 1839 2283 trium
1843 2260 1902 2297 pro
1908 2271 1920 2276 -

165 2300 337 2344 portionum
346 2297 567 2344 comprehendit
576 2301 666 2332 etiam
678 2299 756 2342 furti
766 2302 966 2346 quantitatem
976 2324 986 2333 .
1020 2300 1141 2343 Occafio
1158 2299 1347 2345 &ingreffits
1363 2303 1402 2334 ad
1410 2311 1476 2334 eam
1495 2309 1641 2333 rationem
1650 2301 1850 2332 inuemendam
1853 2299 1918 2342 fuit

169 2357 250 2393 aqua
261 2358 300 2381 ex
301 2346 388 2389 fiilio,
401 2348 458 2381 hoc
470 2348 516 2382 ert
524 2347 667 2387 labro,&
678 2347 745 2390 uase
754 2350 783 2380 in
791 2360 850 2394 quo
863 2347 1163 2394 lauabatur,effluens
1171 2350 1211 2383 ad
1218 2350 1449 2394 magnitudinem
1452 2348 1499 2392 fiai
1507 2350 1650 2395 corporis,
1660 2349 1724 2382 ideo
1733 2359 1768 2381 ea
1776 2347 1917 2393 uolupta-

168 2401 260 2440 tei&
270 2395 367 2430 letitia
376 2404 537 2444 permotus,
548 2408 638 2443 quam
647 2408 745 2430 rerum
754 2396 949 2442 pulchra-rim
968 2399 1099 2432 inuentio
1101 2398 1182 2441 facit
1191 2420 1200 2435 ,
1212 2406 1246 2431 ut
1253 2400 1298 2432 ait
1306 2403 1338 2434 V
1338 2400 1390 2432 itr.
1400 2397 1453 2432 lib.
1461 2398 1668 2444 primomudus
1682 2407 1840 2431 accurrens
1847 2394 1917 2429 cla-

167 2442 275 2478 mabat
282 2447 463 2490 ingeminans
468 2456 565 2490 graeca
576 2457 648 2479 uoce
658 2447 776 2478 Eurica.
787 2448 906 2480 Eurica.
915 2445 972 2480 hoc
980 2445 1018 2488 est
1027 2448 1247 2484 inuenianueui.
1273 2448 1363 2493 Qod
1369 2459 1441 2481 uero
1449 2452 1479 2482 V
1481 2449 1532 2480 itr.
1541 2448 1619 2480 dixit
1644 2450 1757 2489 {manu
1762 2446 1859 2491 pretio
1870 2443 1916 2477 lo-

168 2496 253 2528 cauit
259 2495 454 2537 faciendam}
479 2493 698 2539 intelligendum
706 2492 744 2535 eft
754 2496 832 2540 quod
845 2506 898 2527 nos
910 2496 1035 2528 dicimus
1040 2505 1094 2541 pro
1104 2495 1313 2538 manufaft'ura
1327 2521 1334 2529 .
1341 2498 1471 2543 pretium
1483 2496 1559 2528 enim
1569 2494 1614 2528 es‘t
1623 2495 1701 2540 quod
1707 2492 1911 2534 „ellimationin

169 2544 361 2589 emptionisue
375 2543 463 2585 causa
473 2543 674 2580 constituitur,
684 2544 794 2576 ditium
802 2545 932 2590 aperitis
945 2546 964 2588 (
973 2553 1007 2578 ut
1014 2552 1057 2578 att
1069 2550 1170 2579 Varro
1182 2544 1290 2591 )quod
1306 2544 1337 2578 hi
1338 2544 1437 2588 solum
1449 2542 1568 2590 possunt
1580 2543 1686 2586 facere
1700 2541 1781 2575 recle*
1791 2541 1837 2584 :si
1845 2542 1917 2587 quid

168 2592 272 2625 datum
276 2601 333 2639 pro
343 2601 446 2637 opera,
457 2599 513 2625 aut
526 2601 625 2637 opere,
637 2603 751 2625 merces
760 2593 924 2626 amerendo
934 2616 943 2624 .
969 2594 1058 2638 Qod
1064 2593 1267 2636 manufac‘tum
1276 2615 1285 2630 ‚
1297 2599 1338 2633 θ’
1347 2595 1450 2627 datum
1456 2602 1513 2638 pro
1525 2603 1558 2625 eo
1568 2614 1577 2629 ‚
1586 2591 1813 2636 manupretium
1820 2601 1839 2622 a
1847 2600 1916 2622 ma—

168 2638 256 2673 nibus
264 2642 410 2687 &pretio
422 2665 432 2673 .
460 2641 657 2675 corollarium
678 2639 706 2683 fi
716 2641 787 2685 quid
793 2642 926 2674 additum
931 2650 1130 2689 praeterquam
1144 2644 1222 2688 quod
1230 2638 1361 2676 debitum
1373 2663 1382 2679 ‚
1393 2643 1455 2675 eius
1463 2638 1641 2674 uocabulum
1645 2638 1750 2680 fillum
1758 2649 1777 2671 a
1787 2637 1915 2674 corollis,

168 2691 248 2734 quod
255 2688 308 2726 ha,
321 2700 390 2722 cum
398 2688 576 2734 placuerant
587 2689 704 2722 actores
713 2691 744 2722 in
754 2688 844 2731 scena
853 2691 919 2722 dari
921 2689 1016 2732 fiJlitae
1025 2699 1110 2724 erant
1121 2714 1130 2723 .
1158 2692 1340 2735 Redemptor
1348 2691 1415 2736 quis
1416 2688 1459 2733 fit
1468 2689 1532 2722 dixi
1539 2687 1616 2722 libro
1619 2687 1745 2733 septimo
1756 2710 1764 2718 .
1790 2691 1916 2719 Sacoma

169 2745 271 2770 autem
282 2738 506 2783 aequipondium,
517 2745 572 2771 aut
581 2738 660 2784 quod
668 2736 680 2769 l
684 2739 751 2771 anci
760 2746 876 2776 trutina
877 2737 994 2780 fitrfiam
999 2740 1130 2776 additur,
1141 2741 1316 2784 utgrauiori
1322 2738 1381 2781 fiat
1388 2736 1507 2784 ‚equalis
1517 2761 1525 2771 .
1550 2742 1589 2773 ,Α
1586 2738 1648 2784 pud
1655 2735 1761 2771 Arist.
1772 2735 1801 2767 in
1808 2739 1847 2769 M
1848 2733 1915 2768 ech.

169 2783 387 2832 estficomaptin
398 2807 407 2822 ,
416 2787 491 2820 idest
502 2784 695 2833 aequilibrium
702 2786 816 2829 facere.

217 2832 442 2868 Transferatur
452 2847 540 2868 mens
549 2835 588 2869 ad
601 2833 739 2868 Arrhitae
758 2835 948 2872 Tarentini,
959 2839 989 2870 δε
1008 2835 1230 2871 Eratosthenis
1247 2835 1383 2869 Cirenaei
1402 2835 1562 2882 cogitata.
1590 2833 1637 2866 Hi
1653 2832 1738 2866 enim
1748 2833 1847 2867 multa
1857 2855 1868 2871 ,
1881 2835 1916 2866 &

169 2894 259 2931 grata
272 2895 288 2915 a
299 2882 532 2916 mathematicis
543 2883 635 2916 rebus
650 2882 836 2917 hominibus
846 2885 1037 2918 inuenerunt
1047 2909 1056 2918 .
1088 2888 1198 2932 Itaque
1208 2884 1324 2918 cumin
1335 2881 1706 2917 caeterisinuentionibus
1718 2879 1835 2915 fuerint
1844 2893 1916 2928 gra-

170 2932 209 2972 ti,
219 2932 250 2965 in
263 2932 330 2964 eius
346 2933 390 2964 rei
403 2931 702 2965 concertationibus
713 2933 849 2966 maxime
859 2932 928 2966 sunt
939 2932 1082 2979 suspczfii.
1110 2935 1204 2968 Alius
1215 2934 1301 2967 enim
1313 2933 1370 2965 alia
1381 2932 1504 2965 ratione
1512 2931 1668 2976 explicare
1677 2930 1810 2967 curauit,
1825 2928 1917 2976 quod

169 2980 474 3026 Deloimperauerat
487 2977 638 3025 responsis
648 2982 773 3027 Apollo
784 3005 793 3020 ‚
807 2982 851 3015 uti
861 2993 920 3015 arae
929 2982 996 3015 eius
1005 3003 1015 3018 ,
1028 2993 1184 3028 quantum
1197 2982 1326 3016 haberet
1344 2980 1585 3027 quadratorum,
1595 2979 1626 3013 id
1638 2979 1852 3025 duplicaretur
1861 3000 1871 3015 ‚
1882 2981 1916 3012 δε

168 3028 212 3062 ita
222 3027 305 3067 fore,
315 3041 349 3063 ut
359 3029 404 3065 hi,
416 3029 471 3074 qui
483 3026 580 3063 essent
591 3029 624 3062 in
635 3041 670 3062 ea
680 3027 780 3063 insula
790 3053 800 3068 ‚
811 3041 890 3063 tunc
901 3029 1058 3076 religione
1070 3030 1274 3064 liberarentur
1285 3053 1294 3063 .
1321 3031 1435 3076 Itaque
1445 3027 1594 3063 Architas
1610 3027 1916 3072 hemicylindrorum

98 3078 143 3112 60
168 3075 458 3125 descriptionibus,
486 3076 715 3114 Erathostcnes
724 3079 878 3126 organica
897 3078 1057 3114 Mesolabi
1077 3079 1297 3115 rationeidem
1308 3079 1558 3127 explicauerunt.

1768 3123 1920 3160 iucundae
