2241 3318
823 105 874 148 R
910 107 934 137 O
956 100 961 106 ’
985 104 1036 147 ’λζ
1073 107 1106 137 V
1153 102 1185 137 ς’.
1841 116 1854 149 3
1866 116 1879 139 ε
1891 119 1905 152 3

152 174 481 220 distantesf‘ormaueri'c
488 177 519 210 in
523 176 694 224 prascripta
703 175 901 221 defignatione
910 198 920 212 ‚
934 181 975 215 (φ
984 174 1024 209 ab
1050 187 1080 208 a.
1107 177 1150 209 ad
1150 174 1317 218 subiectam
1327 177 1435 211 lineam
1448 177 1535 224 plani
1542 178 1641 211 radios
1649 178 1768 212 duxeris
1776 200 1786 215 ,
1797 183 1837 216 i&
1846 180 1906 212 cir-

155 227 243 261 culos
252 225 451 272 desiimpscris,
460 224 585 259 habebis
593 234 738 261 centrum,
750 224 1027 267 &semidiametros
1035 222 1163 257 aliorum
1173 225 1352 260 circulorum
1361 249 1370 263 ‚
1380 228 1459 272 quod
1469 229 1560 260 eiiam
1570 226 1737 260 analemma
1747 233 1777 261 V
1779 229 1906 260 itriitiia-

158 286 227 308 num
236 275 342 307 docere
355 272 459 322 poteli-
471 283 563 321 atque
573 273 630 308 hoc
640 272 678 315 esi
687 274 766 319 quod
776 279 807 307 V
807 275 858 306 itr.
869 275 945 306 dicit
971 275 1023 316 {in
1033 283 1068 306 ea
1076 272 1254 315 circulifimt
1263 276 1430 308 circundati
1437 273 1679 320 mensiruaffiatia
1690 274 1793 317 finient
1798 286 1829 308 es
1846 299 1855 307 .
1866 276 1882 315 }

150 334 226 357 aiam
235 323 369 367 descripti
380 321 487 356 circuli
495 321 642 363 menstrua
646 323 743 368 spatia
754 321 905 361 definiunt,
919 332 960 355 ex
968 323 1004 367 u's
1015 331 1115 354 tamen
1128 322 1156 353 in
1173 320 1340 367 asirolabijs
1357 331 1419 356 tres
1428 331 1544 356 tantum
1557 332 1707 368 ponuntur
1717 346 1727 361 ‚
1753 322 1862 357 bruma
1886 335 1907 356 a

154 369 174 404 h
200 384 217 404 c
243 373 264 403 i.
285 369 408 417 solstitii
433 373 444 404 i
469 371 490 403 k
517 370 528 404 l
553 382 593 404 m.
620 369 796 417 aequinoi‘iiq'.
836 381 851 401 e
872 371 899 412 f
911 381 936 414 g
962 369 993 403 h.
1020 376 1065 404 Vt
1075 380 1147 402 uero
1158 368 1252 403 boras
1260 369 1410 412 describas
1420 393 1429 408 ,
1440 379 1557 417 oportet
1562 373 1658 417 primo
1677 372 1836 419 horizonta
1854 373 1905 408 de-

145 418 288 462 scribere.
292 418 335 461 sit
345 421 375 453 in
383 419 590 466 praaffiimpto
601 417 714 453 circulo
727 417 904 463 horizontis
915 419 1061 451 diameter
1085 429 1104 450 n
1131 429 1147 451 e
1172 429 1201 451 o.
1227 419 1327 452 ducito
1337 417 1376 452 ab
1402 430 1432 452 a.
1456 429 1511 466 per
1535 431 1564 453 o.
1590 420 1630 452 ad
1654 433 1685 467 q.
1720 422 1835 454 radium
1844 420 1902 463 ,fi-

148 467 261 502 militer
269 466 309 501 ab
334 480 365 502 a.
390 478 444 514 per
468 479 498 502 n.
526 469 567 502 ad
587 477 620 514 p.
648 467 712 500 dico
719 466 848 511 spatium
875 478 895 512 q
917 475 951 512 p.
979 469 1009 500 in
1017 465 1095 500 linea
1109 465 1242 512 planitia*
1258 467 1368 510 referre
1382 468 1530 512 integram
1546 469 1723 502 diametrum
1733 468 1905 514 horizontis

149 517 182 550 in
187 516 281 563 plano
295 517 457 550 collocandi
466 515 566 558 ,sume
580 517 672 560 igitur
681 516 791 548 circino
808 516 960 548 dimidium
971 516 1059 561 spatii
1083 526 1103 561 q
1124 523 1158 561 p.
1186 520 1227 553 &
1243 515 1314 549 illud
1315 515 1437 558 seruato
1449 540 1457 548 .
1468 517 1533 549 inde
1540 514 1579 549 ab
1606 529 1633 549 c.
1669 518 1698 549 in
1731 517 1762 550 h.
1782 517 1902 563 fignato

102 585 124 627 ὃ
149 567 283 599 cardinis
291 563 481 598 altitudinem
489 565 518 598 in
528 573 583 598 tua
592 565 708 608 regione
719 585 728 600 ,
739 574 802 609 quae
814 569 845 598 V
846 572 912 597 enet
918 564 954 609 ijs
964 562 1001 604 esi
1004 565 1095 608 grad.
1125 573 1184 608 45.
1211 568 1252 601 Θ
1261 562 1303 597 ibi
1307 573 1384 609 pone
1399 562 1519 597 literam
1543 575 1574 597 n.
1600 565 1666 598 inde
1682 565 1835 611 applicata
1844 578 1901 599 re—

81 602 96 626 ¹
146 612 227 659 gula
234 613 344 660 punl‘t'o
365 625 399 659 g.
428 618 468 652 (φ
478 612 598 654 extensa
607 613 647 646 ad
659 611 778 645 literam
804 622 835 645 n.
861 614 919 646 duc
932 612 1041 646 lineam
1049 610 1210 646 occultam.
1221 610 1282 646 haec
1290 611 1343 646 ubi
1343 610 1461 654 secabit
1470 611 1579 646 lineam
1604 611 1624 645 b
1641 625 1669 646 c.
1697 614 1828 648 ostendet
1838 624 1901 648 ter-

151 664 261 696 minum
271 660 438 708 horizontis
450 686 458 695 .
486 663 531 696 Sit
540 663 630 706 igitur
638 661 684 694 ille
702 662 848 694 terminus
861 662 891 693 in
918 673 947 694 ο.
969 661 1083 707 punlio
1099 685 1106 694 .
1119 660 1203 702 sume
1210 662 1299 705 igitur
1307 662 1449 694 circinim
1464 663 1523 694 iam
1533 660 1730 694 didattnmad
1738 661 1902 704 mensuram

152 710 336 744 medialinee
357 720 379 757 p
406 723 436 757 q.
465 716 505 750 ἴῃ-
511 708 608 757 pofito
621 719 722 742 centro
733 711 762 743 in
777 708 859 742 ‘linea
884 707 904 742 b
931 723 960 743 c.
981 709 1128 756 superiori
1135 721 1175 742 ex
1182 717 1272 755 parte
1281 731 1291 746 ,
1302 708 1430 743 alterum
1439 711 1479 743 ad
1493 711 1650 743 terminum
1666 709 1834 754 horizontis
1861 723 1877 744 o
1888 736 1897 745 .

152 760 300 793 deducito.
313 759 471 798 &lincam
481 759 681 792 circinationis
698 757 805 804 efficito
829 767 850 805 p
875 770 893 791 o
919 771 951 805 q.
980 757 1073 805 quaefi
1092 758 1173 791 relic>
1183 759 1350 791 constiterit
1361 766 1417 803 per
1429 757 1514 803 signa
1539 770 1566 791 e.
1594 764 1635 797 ά*
1650 766 1712 806 quie
1728 752 1768 792 ad
1774 770 1902 803 unguem

149 805 328 855 periiieabit‚
341 807 400 841 liaec
410 807 488 841 linea
499 807 686 853 horizontem
699 816 754 840 tuce
767 809 895 851 regionis
903 806 960 841 tibi
968 805 1052 840 dabit
1062 809 1090 840 in
1093 806 1185 853 plano
1195 828 1205 843 ,
1216 806 1357 853 diuidetq‘;
1376 818 1475 840 omnes
1494 806 1624 840 circulos
1630 806 1859 849 niensiruosfiiis
1868 810 1899 841 in

151 855 236 893 locis,
247 858 290 890 ita
299 855 411 890 uidebis
416 865 535 903 partein
557 857 713 902 aquator-is
723 857 873 889 dimidiam
900 868 915 889 e
934 857 961 900 s
972 867 1007 900 g.
1028 854 1120 901 fiipra
1139 854 1341 900 horizontem,
1347 863 1466 900 partem
1480 867 1552 889 uero
1562 855 1691 890 alteram
1708 857 1859 889 dimidiam
1884 868 1901 889 e

151 904 172 937 h
192 917 229 950 g.
254 905 329 946 infr'a
337 904 474 952 pofitam:
482 907 552 952 pari
561 905 670 937 rationi
674 912 792 950 partem
815 913 838 950 p
864 903 883 938 b
911 917 943 952 q.
971 905 1142 950 Capricorni
1152 925 1161 940 ,
1165 902 1258 950 supra
1263 913 1383 950 partem
1393 915 1464 937 uero
1487 913 1510 950 p
1536 918 1552 938 c
1580 906 1609 938 d.
1636 906 1710 947 infra
1719 927 1729 942 ‚
1740 910 1780 944 (φ’
1789 907 1899 938 Cancri

149 952 326 1000 parallelum
336 966 453 1001 quoque
461 956 504 987 ita
515 953 647 995 diuisum,
658 962 692 986 ut
702 953 844 987 maiorem
849 953 1066 999 partemfiipm
1077 954 1220 985 minorem
1228 953 1303 994 infra
1314 952 1501 997 horizontem
1513 951 1625 987 babeat
1635 978 1643 987 .
1671 955 1727 988 His
1735 955 1779 987 ita
1788 953 1898 995 defiri-

146 1003 220 1048 ptis‚
230 1001 418 1047 designantur
426 1002 503 1036 hora
512 1002 588 1036 hunc
598 1003 627 1035 in
637 1002 755 1035 modum
766 1004 898 1048 ,partire
913 1013 1011 1035 omnes
1020 1000 1231 1047 parallelorum
1241 1013 1334 1035 arcus·
1343 1003 1371 1034 in
1380 1002 1532 1035 duodecim
1539 1011 1648 1049 partes
1658 1001 1723 1046 siue
1726 1001 1788 1045 fint
1789 1002 1897 1048 supra,

144 1049 211 1094 fine
222 1051 296 1093 infra
305 1050 492 1096 horizontem
502 1074 510 1087 ,
524 1049 861 1096 &diiiifionumpunc‘t'a
879 1050 963 1084 lineis
983 1047 1222 1096 respondentibus
1237 1052 1398 1095 coniunge,
1412 1052 1455 1083 ita
1474 1049 1624 1093 describes·
1631 1050 1770 1085 horarias
1781 1050 1877 1084 lineas
1885 1072 1897 1088 ,

78 1093 124 1116 ²⁰
151 1100 397 1146 quemadmodum
406 1102 434 1133 in
438 1099 602 1145 subscripto
611 1100 833 1144 diagrammate
842 1100 935 1133 uides.
946 1101 976 1132 in
986 1111 1044 1146 quo
1073 1097 1094 1130 k
1120 1110 1149 1131 o.
1175 1097 1302 1144 horizon
1311 1097 1348 1141 esi
1359 1123 1367 1132 .
1395 1097 1414 1132 b
1434 1099 1462 1142 f
1477 1100 1508 1132 d.
1542 1096 1721 1133 meridianus
1730 1125 1739 1133 .
1750 1110 1818 1133 nam
1828 1102 1899 1133 cir-

151 1147 212 1182 culi
221 1150 273 1195 qui
281 1157 335 1194 per
340 1148 426 1194 polos
433 1150 462 1182 in
469 1147 580 1195 sphera
589 1147 752 1190 transeunt,
763 1147 852 1180 retiis
861 1146 945 1181 lineis
954 1148 983 1180 in
988 1146 1079 1194 plano
1085 1148 1286 1193 prou'ciuntur
1298 1171 1307 1180 .
1336 1153 1409 1182 Cum
1424 1148 1500 1181 enim
1508 1149 1537 1181 in
1544 1148 1614 1195 polo
1626 1148 1669 1192 sit
1678 1147 1761 1190 uifios
1772 1170 1782 1185 ,
1796 1153 1837 1187 &v
1842 1157 1898 1194 per

148 1195 237 1243 polos
247 1196 379 1239 transeat
387 1198 580 1233 meridianus,
590 1197 660 1243 quia
670 1195 722 1238 uis
715 1207 754 1229 uc·
759 1195 803 1239 sit
812 1207 869 1230 non
878 1197 970 1233 uidet,
981 1195 1303 1242 ideofiilumpunffum,
1316 1197 1345 1229 in
1355 1208 1415 1243 quo
1424 1194 1461 1237 esi
1471 1196 1551 1239 uifiis
1565 1199 1593 1229 iii
1599 1197 1721 1243 planum
1727 1198 1834 1244 proiq'ci
1842 1207 1899 1229 non

147 1245 262 1291 potest.
291 1244 431 1280 Similiter
453 1258 473 1279 a
493 1257 528 1291 g.
557 1244 640 1278 rella
654 1243 732 1277 linea
752 1243 898 1278 circulum
916 1243 1049 1278 colurum
1066 1244 1176 1288 reseret
1207 1256 1238 1278 a.
1277 1246 1398 1278 orientis
1425 1256 1461 1290 g.
1487 1247 1646 1280 occidentis
1659 1247 1772 1292 punc‘ia
1790 1244 1875 1279 dabit
1887 1271 1896 1278 .

149 1306 177 1327 s.
203 1305 285 1327 <uero
320 1294 340 1328 h
377 1293 409 1327 k.
452 1299 494 1334 2²9-
525 1305 560 1339 z.
593 1292 828 1340 aquinol't'ialem
848 1292 932 1327 dabit
949 1315 960 1331 ‚
986 1293 1092 1341 reliqui
1105 1292 1242 1340 paralleli
1252 1292 1315 1335 suis
1325 1293 1435 1338 finguli
1459 1293 1553 1339 fignis
1569 1293 1738 1328 tribuentur
1748 1319 1756 1328 .
1770 1301 1807 1333 a»)
1819 1294 1898 1327 boi-„e

150 1351 184 1376 ut
195 1343 278 1376 vides
287 1341 403 1377 lineolis
406 1341 601 1388 subijcientur
610 1363 620 1379 ,
630 1352 709 1387 quas
720 1343 751 1374 in
760 1340 914 1387 horologio
924 1344 988 1375 ceris
1003 1341 1112 1388 regulis
1119 1343 1245 1376 deduces
1255 1342 1364 1387 „spatia
1374 1354 1445 1376 uero
1455 1341 1567 1376 umbris
1577 1342 1723 1389 descripta
1737 1344 1895 1390 perforata

149 1390 206 1434 effe
217 1390 334 1429 debent,
346 1398 385 1431 ξφ
393 1391 553 1429 declinata,
562 1399 596 1424 ut
605 1389 849 1437 coeli,figniftrriq;
858 1390 1013 1437 descriptio
1022 1393 1051 1424 in
1059 1390 1118 1424 alio
1130 1399 1271 1438 tympano
1281 1391 1439 1428 collocata,
1449 1401 1506 1438 per
1509 1392 1663 1435 foramina
1675 1394 1770 1427 uideri
1776 1393 1894 1437 possint.

150 1444 336 1486 Tympanum
346 1451 416 1474 uero
425 1440 496 1474 illud
496 1440 571 1482 suaa
581 1438 873 1481 habetsiibieliiones
881 1441 1032 1474 exeadem
1046 1441 1161 1474 ratione
1171 1441 1282 1486 optices
1291 1439 1472 1486 desumptas.
1485 1445 1614 1485 Longum
1624 1452 1694 1474 uero
1704 1443 1774 1484 ellet
1782 1452 1837 1474 eas
1845 1441 1897 1473 de-

149 1489 266 1524 ducere,
278 1497 312 1522 ut
323 1490 401 1522 ratio
407 1486 624 1535 postulat,satis
634 1485 756 1530 eslfolos
763 1498 813 1521 eos
821 1487 948 1522 circulos
954 1488 1133 1535 ffihaerae,qui
1141 1497 1196 1535 per
1207 1490 1269 1522 eius
1277 1487 1365 1534 polos
1374 1489 1536 1531 transeunt,
1548 1492 1575 1522 in
1581 1489 1706 1535 planum
1715 1490 1803 1524 rec‘li‘s
1811 1488 1897 1522 lineis

145 1537 264 1582 prouti,
281 1536 412 1584 reliquos
417 1546 472 1583 per
480 1535 568 1571 orbes
579 1536 792 1582 repraesentari.
820 1537 945 1581 Relium
956 1562 964 1570 .
975 1536 1042 1579 idest
1052 1535 1282 1583 aquinoffialem
1291 1559 1302 1574 ,
1314 1542 1354 1576 ξφ
1365 1548 1464 1570 omnes
1471 1538 1513 1571 illi
1518 1537 1680 1584 parallelos
1687 1539 1808 1573 eundem
1817 1549 1895 1571 cen—

77 1584 123 1620 30
151 1593 231 1619 trum
245 1583 368 1620 habere.
380 1584 517 1632 obliquos
517 1585 583 1629 siue
593 1586 724 1618 maiores
732 1584 811 1629 ,fiue
819 1587 946 1619 minores
953 1597 1010 1619 non
1027 1590 1126 1619 eodem
1135 1594 1235 1619 centro
1254 1587 1283 1619 in
1289 1584 1383 1632 plano
1392 1585 1501 1631 fiibi'jci
1511 1611 1519 1620 .
1531 1585 1704 1629 describitur
1722 1599 1791 1632 ergo
1800 1586 1896 1632 figni-

147 1633 211 1677 fer,
220 1632 373 1680 &sydera
386 1636 415 1667 in
426 1642 565 1681 tympano
575 1633 772 1672 collocantur,
782 1647 815 1668 eo
826 1635 911 1668 modo
922 1657 932 1672 ,
942 1646 1000 1681 quo
1009 1636 1036 1668 in
1045 1633 1224 1680 Astrolabu
1231 1633 1356 1668 reticulo
1365 1636 1563 1681 imponuntur.
1574 1633 1703 1677 describe
1708 1638 1823 1681 primus
1832 1644 1898 1668 tro-

148 1683 251 1729 picum
263 1683 446 1729 Capricorni,
461 1691 639 1731 aeqitatorem
647 1705 657 1720 ,
670 1687 711 1721 (9
722 1685 868 1730 tropicum
878 1685 994 1721 Cancri,
1005 1685 1106 1716 eadem
1116 1685 1231 1716 ratione
1239 1707 1248 1721 ,
1260 1695 1318 1728 qua
1320 1682 1502 1730 fiiperiorem
1509 1683 1650 1718 tabellam
1659 1683 1824 1731 descripfisli
1832 1705 1841 1720 ²
1852 1685 1897 1717 ita

155 1739 190 1764 ut
201 1741 302 1764 omnes
310 1730 342 1764 hi
350 1730 456 1765 circuli
464 1730 599 1778 aquabili
605 1732 808 1775 magnitudine
817 1733 846 1764 in
854 1740 982 1778 utraque
992 1730 1103 1765 tabella
1119 1733 1330 1777 conspiciantur
1338 1756 1347 1765 .
1375 1733 1488 1765 Sumito
1498 1734 1623 1766 medium
1626 1734 1752 1778 spatium
1760 1735 1838 1766 inter
1863 1730 1895 1765 b.

154 1783 196 1817 ζα·
231 1791 260 1819 4
272 1803 280 1812 .
308 1779 454 1826 &posito
464 1789 566 1814 centro
573 1781 603 1813 in
614 1779 691 1812 linea
701 1777 720 1812 b
739 1779 765 1823 f
784 1781 814 1814 d.
843 1781 942 1813 ducito
951 1779 1058 1813 lineam
1068 1781 1276 1818 circinationis,
1286 1792 1348 1827 quie
1354 1781 1465 1827 punl't'a
1491 1779 1522 1815 b.
1550 1787 1591 1821 &⁸
1615 1793 1650 1816 x.
1677 1790 1792 1828 tangat,
1803 1780 1893 1824 hacsi

151 1823 231 1861 retie'
242 1828 425 1871 duffi'afuerit
433 1837 610 1875 aeqiiatorem
612 1826 730 1871 secabit
736 1830 767 1861 in
777 1830 888 1862 oriente
897 1850 907 1865 ,
921 1833 962 1867 (φ
970 1829 1130 1867 occidente,
1141 1830 1385 1875 quemadmodum
1396 1828 1462 1863 hori
1466 1841 1533 1876 zon.
1546 1841 1614 1864 nam
1623 1830 1683 1865 hac
1693 1830 1771 1867 linea
1779 1830 1895 1876 eclipti-

151 1887 219 1910 cam
228 1874 286 1910 tibi
297 1875 382 1911 dabit
393 1878 421 1910 in
428 1877 530 1923 plano,
541 1887 603 1923 quai
612 1887 680 1910 cum
685 1876 727 1920 sit
736 1889 812 1910 unus
832 1889 872 1911 ex
879 1875 1042 1910 maioribus
1052 1877 1172 1911 circulis
1184 1900 1193 1915 ,
1206 1879 1450 1924 quemadmodum
1457 1877 1583 1925 horizon
1592 1902 1602 1917 ,
1613 1880 1689 1914 duas
1698 1881 1728 1913 in
1734 1888 1838 1927 partes
1840 1878 1897 1921 Je—

153 1937 226 1958 care
239 1923 327 1959 debet
335 1935 513 1972 aequatorem
524 1950 533 1958 .
561 1923 708 1972 Ecliptica
719 1924 869 1971 defignata
880 1927 1033 1959 duodecim
1052 1927 1081 1959 in
1088 1935 1193 1972 partes
1201 1928 1355 1961 diuidenda
1365 1926 1402 1969 est
1412 1950 1422 1965 ,
1432 1936 1467 1961 ut
1476 1940 1491 1961 e
1500 1937 1601 1962 centro
1612 1929 1793 1971 deformetur
1801 1928 1897 1970 cuius-

152 1971 227 2007 libet
229 1973 309 2019 figni
311 1974 450 2020 spatium,
457 1985 546 2008 unum
555 1976 662 2010 maius,
671 1973 801 2008 alterum
811 1976 917 2012 minus,
926 1983 959 2008 ut
967 1976 1010 2008 ait
1021 1980 1051 2009 V
1052 1976 1135 2008 itr.id
1144 1977 1235 2020 igitur
1245 1975 1302 2009 hac
1312 1978 1428 2010 ratione
1434 1975 1602 2020 faciendum
1610 1977 1656 2011 eft
1664 2002 1672 2011 .
1683 1982 1896 2023 Aequatorem

148 2031 203 2068 per
204 2023 321 2068 gradus
351 2033 363 2066 3
373 2029 430 2056 60.
456 2024 553 2056 diuide
561 2035 579 2055 a
586 2023 697 2069 purilio
722 2035 749 2056 s.
775 2024 897 2057 orientis
906 2023 1003 2066 uei-fiis
1007 2022 1233 2070 septentrionem
1245 2033 1301 2071 per
1309 2026 1458 2059 meridiem
1475 2027 1515 2059 ad
1523 2027 1644 2060 eundem
1659 2027 1831 2059 reuertendo
1840 2037 1895 2059 nu-

72 2072 124 2103 'ato
152 2080 268 2104 merato
294 2070 486 2115 ascenfionem
513 2071 625 2105 rec‘iam
638 2070 792 2116 signorum
810 2083 849 2105 ex
866 2070 971 2105 tabula
982 2072 1042 2114 sua
1052 2093 1061 2109 ‚
1079 2071 1197 2107 uidebis
1213 2075 1336 2108 Arietis
1356 2073 1472 2119 signum
1493 2076 1640 2119 integrum
1657 2075 1728 2108 oriri
1743 2085 1810 2109 cum
1838 2086 1851 2107 2
1860 2086 1893 2119 7.

145 2121 236 2165 grad.
249 2125 289 2159 &⁴
320 2130 375 2164 54.
399 2121 520 2154 minutis
529 2119 702 2166 aquatores.
714 2131 836 2154 numera
845 2121 908 2154 illos
917 2123 945 2154 in
953 2128 1100 2167 aquatore
1108 2120 1147 2155 ab
1156 2122 1372 2168 eodempuncio
1397 2135 1423 2156 s.
1449 2124 1549 2156 eodem
1558 2125 1669 2160 ordine,
1680 2128 1719 2162 <sy-
1728 2124 1757 2156 in
1769 2125 1894 2156 termino

144 2167 202 2212 fiac
211 2176 311 2202 notam
320 2170 363 2202 ita
373 2171 401 2203 in
410 2167 521 2202 tabella
525 2169 640 2213 gradus
669 2178 723 2213 57.
750 2175 791 2208 (ψ
799 2171 913 2203 minuta
941 2170 996 2214 48.
1031 2172 1160 2216 reperies
1173 2180 1230 2217 pro
1245 2169 1409 2214 ascensione
1425 2173 1534 2209 Tauri,
1546 2183 1595 2205 eos
1603 2178 1644 2212 ξφ
1652 2174 1680 2205 in
1689 2171 1894 2218 aquatoresi—

145 2225 254 2263 gnato,
264 2218 339 2250 idem
341 2217 439 2262 finies
442 2227 499 2264 pro
510 2216 631 2263 reliquis
634 2216 797 2262 signorum,
808 2218 856 2251 uel
863 2217 886 2261 fi
896 2217 970 2252 libet
981 2223 1021 2257 &2
1026 2227 1082 2264 pro
1086 2218 1211 2263 fiiigulis
1214 2218 1367 2265 signorum
1373 2218 1514 2266 partibus
1524 2242 1533 2257 ‚
1544 2226 1585 2259 &⁸
1595 2233 1614 2254 a
1624 2229 1723 2255 centro
1743 2220 1771 2263 f.
1798 2222 1837 2254 ad
1845 2233 1895 2254 eos

151 2266 291 2300 terminos
299 2268 453 2312 aquatoris
463 2267 561 2300 ducito
572 2265 679 2302 lineas,
688 2277 752 2313 quae
762 2265 925 2313 eclipticem
934 2269 963 2301 in
972 2276 1074 2313 partes
1085 2268 1285 2314 respondentes
1290 2267 1445 2310 secabunt.
1471 2269 1615 2316 Ecliptica
1623 2281 1692 2303 uero
1702 2281 1775 2303 area
1784 2268 1893 2303 lineola

151 2313 297 2361 descripta
298 2313 351 2358 sit,
364 2321 403 2354 ύ-
413 2316 583 2362 perfiiretur
593 2315 622 2347 in
625 2314 749 2360 singulis
755 2314 905 2360 gradibus
914 2338 923 2354 ‚
928 2316 1073 2361 sigradus
1083 2328 1183 2350 omnes
1191 2338 1200 2353 ,
1215 2316 1263 2350 uel
1270 2319 1299 2350 in
1310 2319 1428 2351 decanis
1440 2317 1483 2361 ,fi
1490 2319 1607 2352 decanis
1613 2326 1730 2352 tantum
1739 2326 1893 2352 contentus

145 2364 255 2408 fueris.
265 2365 294 2396 in
303 2375 338 2396 ea
342 2364 494 2408 foramina
503 2364 633 2411 quotidie
641 2362 722 2397 bulla
729 2362 855 2398 intrabit
872 2377 977 2399 exuno
986 2367 1016 2398 in
1034 2363 1210 2402 aliud,bulla
1226 2377 1296 2399 uero
1305 2365 1402 2400 Solem
1418 2368 1527 2410 referet
1535 2389 1543 2404 ‚
1554 2369 1583 2400 in
1594 2366 1681 2412 signa
1690 2367 1739 2401 uel
1739 2363 1893 2411 signorum

148 2419 253 2460 partes
268 2414 420 2446 contrario
438 2411 500 2445 coeli'
516 2420 598 2446 motu
616 2414 824 2458 ingredientem
834 2437 843 2447 .
886 2413 1034 2460 Eclipticae
1050 2413 1155 2447 circuli
1168 2415 1336 2452 addentur,
1346 2414 1468 2460 utfigna
1479 2415 1649 2461 fiiisspatu's
1666 2415 1891 2458 describantur,

150 2461 396 2506 quemadmodum
404 2462 433 2494 in
435 2459 566 2503 fiiliiee'io
576 2461 790 2506 diagrammate
798 2462 914 2496 uidetur
924 2487 933 2495 .
960 2462 1054 2496 Stellae
1071 2474 1189 2509 quoque
1205 2464 1409 2510 imponentur,
1428 2472 1463 2498 ut
1477 2465 1507 2497 in
1522 2472 1585 2497 rete
1597 2463 1775 2509 ,Astrolabij
1784 2461 1890 2505 facere

143 2509 253 2553 solent.
279 2515 462 2556 Tympanum
471 2509 527 2542 hoc
536 2511 580 2542 ita
588 2508 753 2552 describito,
764 2510 834 2556 post
841 2510 1026 2555 horologium
1034 2511 1236 2545 collocandum
1247 2513 1291 2546 esi
1301 2534 1312 2550 ,
1321 2515 1451 2559 quotidie
1466 2514 1612 2557 integi-am
1629 2512 1821 2555 uerfiitionem
1832 2510 1889 2545 ab·

79 2568 122 2604 50
143 2558 252 2601 solua,
255 2559 307 2601 sed
319 2558 399 2593 bulla
401 2557 528 2604 singulis
537 2556 639 2592 diebus
647 2560 765 2592 unicum
770 2560 899 2604 gradum
908 2561 936 2592 in
939 2559 994 2602 fiio
1006 2560 1154 2602 foramine
1157 2559 1259 2602 fiibire
1268 2570 1391 2606 cogetur
1400 2583 1410 2598 ‚
1420 2561 1510 2595 horas
1518 2559 1645 2601 ostendet
1655 2583 1663 2598 ,
1673 2570 1707 2593 ut
1715 2563 1830 2594 dierum
1839 2572 1890 2593 ra-

150 2609 193 2642 tio
199 2606 376 2654 postulabit.
387 2613 432 2642 Vt
439 2619 510 2641 uero
518 2607 558 2640 ad
566 2618 648 2653 aquae
658 2608 803 2640 rationem
811 2609 1051 2641 accommodetur
1059 2614 1090 2642 V
1090 2610 1142 2642 itr.
1152 2610 1246 2643 docet.
1244 2609 1296 2651 sed
1304 2620 1358 2642 nos
1362 2612 1491 2654 primum
1494 2608 1613 2654 figums
1618 2609 1824 2656 praedi'li‘orum
1834 2618 1889 2655 ap-

146 2658 303 2704 pingamus
316 2669 325 2689 :
335 2654 486 2690 Tabeuam
496 2666 567 2689 uero
577 2654 775 2698 ascenfionum
791 2655 939 2689 reliarum
948 2658 978 2689 in
981 2655 1043 2697 fine
1051 2657 1158 2691 decimi
1165 2656 1235 2691 libri
1243 2656 1438 2691 collocabitur
1447 2682 1456 2690 .
1885 2666 1887 2668 ·

198 2707 317 2738 1³0er
326 2715 434 2739 R10R1
462 2714 569 2737 autem
581 2705 667 2750 parti
689 2714 846 2749 tympano
858 2704 1046 2743 medio‚axis
1058 2704 1211 2738 uerstuilis
1223 2705 1267 2738 est
1277 2705 1426 2744 inclusus,
1439 2705 1504 2753 inc'13
1514 2718 1553 2739 eo
1564 2706 1610 2739 axi
1621 2718 1705 2740 :enea
1717 2707 1825 2740 mollis
1837 2718 1889 2740 ca·-

149 2763 224 2787 tena
236 2751 280 2786 est
292 2753 455 2786 inuoluta:
466 2765 502 2786 ex
512 2764 574 2798 qua
586 2751 706 2798 pendet
716 2764 752 2785 ex
765 2764 827 2786 una
845 2763 932 2798 parte
943 2753 1082 2798 phellos,
1095 2753 1156 2786 siue
1167 2764 1354 2799 tympanum
1366 2779 1374 2791 ‚
1391 2755 1479 2800 quod
1489 2755 1527 2788 ab
1550 2767 1629 2799 aqua
1642 2753 1832 2792 subicimus,
1850 2768 1888 2789 ex

149 2802 244 2835 altera
256 2812 350 2847 aequo
374 2801 517 2847 pondere
528 2800 622 2847 phelli
635 2799 761 2835 sacoma
771 2799 926 2834 saburrale
936 2826 945 2835 .
974 2804 1019 2834 Ita
1029 2812 1184 2848 quantum
1197 2802 1235 2835 ab
1245 2814 1325 2847 aqua
1343 2803 1467 2848 phellos
1478 2800 1659 2836 subleuatur
1668 2826 1677 2842 ‚
1690 2813 1814 2837 tantum
1838 2801 1888 2837 saa

149 2849 252 2884 burrae
264 2849 392 2895 pondus
413 2848 494 2882 infra
506 2849 666 2883 deducens
680 2848 779 2883 uersat
791 2861 894 2888 axem,
905 2850 968 2883 axis
977 2861 1083 2883 autem
1101 2862 1302 2896 tympanum,
1314 2851 1404 2884 cuius
1415 2851 1558 2897 tympani
1575 2850 1711 2886 uersatio
1731 2851 1805 2886 alias
1814 2851 1887 2885 effi-

149 2899 194 2932 cit
207 2899 252 2931 uti
263 2898 366 2931 maior
375 2910 444 2945 pars
455 2898 567 2931 circuli
590 2896 831 2943 figniferi,a1i?1s
842 2898 950 2931 minor
973 2898 1005 2931 in
1028 2898 1260 2932 uersationibus
1275 2896 1334 2931 suis
1354 2899 1554 2944 temporibus
1573 2899 1716 2946 designet
1733 2900 1886 2935 horarum

148 2947 359 2993 proprietates
372 2971 381 2980 .
410 2946 550 2991 Namque
562 2947 594 2979 in
603 2947 733 2994 fingulis
745 2946 840 2992 {ignis
852 2944 898 2979 sui
911 2944 1064 2992 cuiusque
1084 2947 1198 2980 menlis
1209 2947 1332 2980 dierum
1345 2948 1469 2980 numeri
1480 2961 1555 2981 caua
1565 2947 1633 2981 sunt
1645 2947 1886 2994 perfe&a,cuius

149 2995 247 3035 bulla,
266 3006 329 3041 qut(²
340 2996 423 3028 Solis
434 2995 607 3041 imaginem
622 2997 654 3031 in
666 2994 849 3041 horologijs
860 3005 967 3028 tenere
977 2994 1119 3033 uidetur,
1131 2994 1288 3042 fignificat
1297 2995 1451 3030 horarum
1462 2994 1557 3042 spatia
1568 3009 1622 3031 :ea
1635 2999 1780 3030 translata
1793 3009 1828 3030 cx
1841 3008 1888 3029 te-

75 3052 123 3085 go
151 3043 333 3079 rebratione
343 3045 377 3079 in
387 3042 638 3079 terebrationem
648 3042 763 3080 menfis
776 3043 930 3079 uertentis
941 3042 1067 3090 perficit
1077 3043 1202 3080 cursum
1211 3042 1301 3079 suum
1312 3068 1322 3077 .
1333 3047 1448 3092 Itaque
1465 3045 1813 3127 quemadmodumsSol
1832 3057 1888 3091 pet

149 3107 151 3109 .
1758 3093 1892 3139 yderum
