<?xml version="1.0" encoding="UTF-8"?>
<!DOCTYPE html PUBLIC "-//W3C//DTD XHTML 1.0 Transitional//EN"
    "http://www.w3.org/TR/xhtml1/DTD/xhtml1-transitional.dtd">
<html xmlns="http://www.w3.org/1999/xhtml" xml:lang="en" lang="en">
 <head>
  <title>
</title>
<meta http-equiv="Content-Type" content="text/html;charset=utf-8" />
  <meta name='ocr-system' content='tesseract 3.04.00' />
  <meta name='ocr-capabilities' content='ocr_page ocr_carea ocr_par ocr_line ocrx_word'/>
</head>
<body>
  <div class='ocr_page' id='page_1' title='image "./mvitrvviipollion00vitr/mvitrvviipollion00vitr_0359.png"; bbox 0 0 2241 3318; ppageno 0'>
   <div class='ocr_carea' id='block_1_1' title="bbox 806 95 1878 142">
    <p class='ocr_par' dir='ltr' id='par_1_1' title="bbox 806 95 1878 142">
     <span class='ocr_line' id='line_1_1' title="bbox 806 95 1878 142; baseline 0.002 -15"><span class='ocrx_word' id='word_1_1' title='bbox 806 95 1295 129; x_wconf 59' lang='lat' dir='ltr'>mactmus.</span> <span class='ocrx_word' id='word_1_2' title='bbox 1806 102 1878 142; x_wconf 79' lang='lat'>-335</span> 
     </span>
    </p>
   </div>
   <div class='ocr_carea' id='block_1_2' title="bbox 302 210 1731 366">
    <p class='ocr_par' dir='ltr' id='par_1_2' title="bbox 302 210 1731 366">
     <span class='ocr_line' id='line_1_2' title="bbox 302 210 1731 291; baseline 0.004 -24"><span class='ocrx_word' id='word_1_3' title='bbox 302 215 394 267; x_wconf 78' lang='lat' dir='ltr'>‘De</span> <span class='ocrx_word' id='word_1_4' title='bbox 403 210 896 288; x_wconf 74' lang='lat' dir='ltr'>eAediumstzcrarum</span> <span class='ocrx_word' id='word_1_5' title='bbox 906 253 920 272; x_wconf 95' lang='lat'>,</span> <span class='ocrx_word' id='word_1_6' title='bbox 930 210 1260 291; x_wconf 65' lang='lat' dir='ltr'>publicorumq}</span> <span class='ocrx_word' id='word_1_7' title='bbox 1283 230 1469 291; x_wconf 82' lang='lat' dir='ltr'>operum</span> <span class='ocrx_word' id='word_1_8' title='bbox 1490 215 1731 288; x_wconf 82' lang='lat' dir='ltr'>machina-</span> 
     </span>
     <span class='ocr_line' id='line_1_3' title="bbox 457 290 1576 366; baseline 0.001 -21"><span class='ocrx_word' id='word_1_9' title='bbox 457 290 655 345; x_wconf 80' lang='lat' dir='ltr'><em>tionibus</em></span> <span class='ocrx_word' id='word_1_10' title='bbox 668 293 893 363; x_wconf 53' lang='lat' dir='ltr'>tracioru&#39;s</span> <span class='ocrx_word' id='word_1_11' title='bbox 1306 295 1403 366; x_wconf 83' lang='lat' dir='ltr'>Cap</span> <span class='ocrx_word' id='word_1_12' title='bbox 1415 334 1425 344; x_wconf 92' lang='lat'><strong>.</strong></span> <span class='ocrx_word' id='word_1_13' title='bbox 1506 299 1534 346; x_wconf 77' lang='lat' dir='ltr'><em>J</em></span> <span class='ocrx_word' id='word_1_14' title='bbox 1542 296 1576 346; x_wconf 92' lang='lat' dir='ltr'>I.</span> 
     </span>
    </p>
   </div>
   <div class='ocr_carea' id='block_1_3' title="bbox 954 366 967 381">
    <p class='ocr_par' dir='ltr' id='par_1_3' title="bbox 954 366 967 381">
     <span class='ocr_line' id='line_1_4' title="bbox 954 366 967 381; baseline 0 0"><span class='ocrx_word' id='word_1_15' title='bbox 954 366 967 381; x_wconf 63' lang='grc' dir='ltr'><strong><em>ν</em></strong></span> 
     </span>
    </p>
   </div>
   <div class='ocr_carea' id='block_1_4' title="bbox 279 403 1885 598">
    <p class='ocr_par' dir='ltr' id='par_1_4' title="bbox 279 403 1885 598">
     <span class='ocr_line' id='line_1_5' title="bbox 279 403 1883 455; baseline 0.001 -12"><span class='ocrx_word' id='word_1_16' title='bbox 279 432 291 447; x_wconf 47' lang='lat' dir='ltr'>t</span> <span class='ocrx_word' id='word_1_17' title='bbox 310 424 321 432; x_wconf 42' lang='lat' dir='ltr'>r</span> <span class='ocrx_word' id='word_1_18' title='bbox 349 407 526 455; x_wconf 64' lang='lat' dir='ltr'>ervmq5</span> <span class='ocrx_word' id='word_1_19' title='bbox 552 405 755 441; x_wconf 85' lang='lat' dir='ltr'>instituemus</span> <span class='ocrx_word' id='word_1_20' title='bbox 766 403 805 437; x_wconf 88' lang='lat' dir='ltr'>dc</span> <span class='ocrx_word' id='word_1_21' title='bbox 823 405 877 449; x_wconf 81' lang='lat' dir='ltr'>ijs,</span> <span class='ocrx_word' id='word_1_22' title='bbox 890 417 959 451; x_wconf 80' lang='lat' dir='ltr'>quae</span> <span class='ocrx_word' id='word_1_23' title='bbox 976 404 1097 440; x_wconf 85' lang='lat' dir='ltr'>aedibus</span> <span class='ocrx_word' id='word_1_24' title='bbox 1114 403 1409 453; x_wconf 64' lang='lat' dir='ltr'>sacris,opemm&lt;&#39;];</span> <span class='ocrx_word' id='word_1_25' title='bbox 1428 407 1632 452; x_wconf 84' lang='lat' dir='ltr'>publicorum</span> <span class='ocrx_word' id='word_1_26' title='bbox 1652 407 1883 454; x_wconf 71' lang='lat' dir='ltr'>perfeffionem</span> 
     </span>
     <span class='ocr_line' id='line_1_6' title="bbox 315 451 1882 502; baseline 0.001 -12"><span class='ocrx_word' id='word_1_27' title='bbox 315 468 321 484; x_wconf 68' lang='grc' dir='ltr'>Ξ</span> <span class='ocrx_word' id='word_1_28' title='bbox 363 453 546 490; x_wconf 81' lang='lat' dir='ltr'>necessitate</span> <span class='ocrx_word' id='word_1_29' title='bbox 562 465 807 500; x_wconf 83' lang='lat' dir='ltr'>comparantur:</span> <span class='ocrx_word' id='word_1_30' title='bbox 824 465 891 498; x_wconf 82' lang='lat' dir='ltr'>quae</span> <span class='ocrx_word' id='word_1_31' title='bbox 907 451 1056 488; x_wconf 84' lang='lat' dir='ltr'>fiuntita.</span> <span class='ocrx_word' id='word_1_32' title='bbox 1087 454 1200 501; x_wconf 81' lang='lat' dir='ltr'>Tigna</span> <span class='ocrx_word' id='word_1_33' title='bbox 1211 455 1269 488; x_wconf 85' lang='lat' dir='ltr'>tria</span> <span class='ocrx_word' id='word_1_34' title='bbox 1278 455 1317 490; x_wconf 84' lang='lat' dir='ltr'>ad</span> <span class='ocrx_word' id='word_1_35' title='bbox 1329 467 1465 489; x_wconf 91' lang='lat' dir='ltr'>onerum</span> <span class='ocrx_word' id='word_1_36' title='bbox 1485 457 1740 502; x_wconf 83' lang='lat' dir='ltr'>magnitudinem</span> <span class='ocrx_word' id='word_1_37' title='bbox 1759 459 1882 492; x_wconf 82' lang='lat' dir='ltr'>ratione</span> 
     </span>
     <span class='ocr_line' id='line_1_7' title="bbox 328 501 1882 553; baseline 0.002 -16"><span class='ocrx_word' id='word_1_38' title='bbox 328 535 331 543; x_wconf 59' lang='grc'>,,</span> <span class='ocrx_word' id='word_1_39' title='bbox 361 504 581 549; x_wconf 83' lang='lat' dir='ltr'>expediuntur,</span> <span class='ocrx_word' id='word_1_40' title='bbox 591 506 623 536; x_wconf 71' lang='grc' dir='ltr'>δε</span> <span class='ocrx_word' id='word_1_41' title='bbox 633 515 649 535; x_wconf 80' lang='lat' dir='ltr'>a</span> <span class='ocrx_word' id='word_1_42' title='bbox 659 502 760 547; x_wconf 88' lang='lat' dir='ltr'>capite</span> <span class='ocrx_word' id='word_1_43' title='bbox 772 501 867 535; x_wconf 79' lang='lat' dir='ltr'>fibula</span> <span class='ocrx_word' id='word_1_44' title='bbox 877 502 1063 540; x_wconf 59' lang='lat' dir='ltr'>comunem,</span> <span class='ocrx_word' id='word_1_45' title='bbox 1075 503 1148 536; x_wconf 87' lang='lat' dir='ltr'>&amp;in</span> <span class='ocrx_word' id='word_1_46' title='bbox 1160 504 1228 535; x_wconf 89' lang='lat' dir='ltr'>imo</span> <span class='ocrx_word' id='word_1_47' title='bbox 1242 502 1413 537; x_wconf 85' lang='lat' dir='ltr'>diuaricata</span> <span class='ocrx_word' id='word_1_48' title='bbox 1423 505 1588 550; x_wconf 87' lang='lat' dir='ltr'>eriguntur</span> <span class='ocrx_word' id='word_1_49' title='bbox 1606 503 1734 540; x_wconf 88' lang='lat' dir='ltr'>funibus</span> <span class='ocrx_word' id='word_1_50' title='bbox 1751 508 1783 540; x_wconf 88' lang='lat' dir='ltr'>in</span> <span class='ocrx_word' id='word_1_51' title='bbox 1796 508 1882 553; x_wconf 82' lang='lat' dir='ltr'>capi-</span> 
     </span>
     <span class='ocr_line' id='line_1_8' title="bbox 361 548 1885 598; baseline 0.002 -12"><span class='ocrx_word' id='word_1_52' title='bbox 361 552 445 586; x_wconf 85' lang='lat' dir='ltr'>tibus</span> <span class='ocrx_word' id='word_1_53' title='bbox 456 551 637 588; x_wconf 86' lang='lat' dir='ltr'>collocatis,</span> <span class='ocrx_word' id='word_1_54' title='bbox 645 553 676 584; x_wconf 89' lang='lat'>&amp;</span> <span class='ocrx_word' id='word_1_55' title='bbox 687 552 723 594; x_wconf 83' lang='lat' dir='ltr'>ijs</span> <span class='ocrx_word' id='word_1_56' title='bbox 734 551 810 584; x_wconf 89' lang='lat' dir='ltr'>item</span> <span class='ocrx_word' id='word_1_57' title='bbox 819 551 902 584; x_wconf 85' lang='lat' dir='ltr'>circa</span> <span class='ocrx_word' id='word_1_58' title='bbox 911 548 1067 597; x_wconf 86' lang='lat' dir='ltr'>dispolitis</span> <span class='ocrx_word' id='word_1_59' title='bbox 1076 551 1178 584; x_wconf 62' lang='lat' dir='ltr'>erecta</span> <span class='ocrx_word' id='word_1_60' title='bbox 1189 552 1541 598; x_wconf 78' lang='lat' dir='ltr'>retinentur.Alligatur</span> <span class='ocrx_word' id='word_1_61' title='bbox 1550 553 1582 586; x_wconf 89' lang='lat' dir='ltr'>in</span> <span class='ocrx_word' id='word_1_62' title='bbox 1593 551 1718 587; x_wconf 88' lang='lat' dir='ltr'>summo</span> <span class='ocrx_word' id='word_1_63' title='bbox 1729 554 1885 593; x_wconf 78' lang='lat' dir='ltr'>trochlea,</span> 
     </span>
    </p>
   </div>
   <div class='ocr_carea' id='block_1_5' title="bbox 144 422 360 594">
    <p class='ocr_par' dir='ltr' id='par_1_5' title="bbox 144 422 360 594">
     <span class='ocr_line' id='line_1_9' title="bbox 144 422 360 594; baseline 0 -94"><span class='ocrx_word' id='word_1_64' title='bbox 144 422 360 594; x_wconf 95' lang='lat' dir='ltr'>   </span> 
     </span>
    </p>
   </div>
   <div class='ocr_carea' id='block_1_6' title="bbox 162 564 319 582">
    <p class='ocr_par' dir='ltr' id='par_1_6' title="bbox 162 564 319 582">
     <span class='ocr_line' id='line_1_10' title="bbox 162 564 319 582; baseline 0.006 -1"><span class='ocrx_word' id='word_1_65' title='bbox 162 566 217 582; x_wconf 46' lang='lat' dir='ltr'>xxm-„x</span> <span class='ocrx_word' id='word_1_66' title='bbox 260 564 319 582; x_wconf 49' lang='grc' dir='ltr'>κκκκδᾊ</span> 
     </span>
    </p>
   </div>
   <div class='ocr_carea' id='block_1_7' title="bbox 76 597 1881 647">
    <p class='ocr_par' dir='ltr' id='par_1_7' title="bbox 76 597 1881 647">
     <span class='ocr_line' id='line_1_11' title="bbox 76 597 1881 647; baseline 0.001 -13"><span class='ocrx_word' id='word_1_67' title='bbox 76 597 120 623; x_wconf 78' lang='lat'>¹⁰</span> <span class='ocrx_word' id='word_1_68' title='bbox 145 612 241 647; x_wconf 83' lang='lat' dir='ltr'>quam</span> <span class='ocrx_word' id='word_1_69' title='bbox 259 601 353 635; x_wconf 85' lang='lat' dir='ltr'>etiam</span> <span class='ocrx_word' id='word_1_70' title='bbox 364 601 510 634; x_wconf 83' lang='lat' dir='ltr'>nonnulli</span> <span class='ocrx_word' id='word_1_71' title='bbox 522 600 707 633; x_wconf 86' lang='lat' dir='ltr'>rechamum</span> <span class='ocrx_word' id='word_1_72' title='bbox 725 599 854 632; x_wconf 90' lang='lat' dir='ltr'>dicunt.</span> <span class='ocrx_word' id='word_1_73' title='bbox 883 602 920 633; x_wconf 87' lang='lat' dir='ltr'>In</span> <span class='ocrx_word' id='word_1_74' title='bbox 930 599 1106 633; x_wconf 79' lang='lat' dir='ltr'>trochleam</span> <span class='ocrx_word' id='word_1_75' title='bbox 1124 599 1280 633; x_wconf 88' lang='lat' dir='ltr'>induntur</span> <span class='ocrx_word' id='word_1_76' title='bbox 1300 599 1436 634; x_wconf 81' lang='lat' dir='ltr'>orbiculi</span> <span class='ocrx_word' id='word_1_77' title='bbox 1454 601 1540 638; x_wconf 91' lang='lat' dir='ltr'>duo,</span> <span class='ocrx_word' id='word_1_78' title='bbox 1553 613 1606 646; x_wconf 85' lang='lat' dir='ltr'>per</span> <span class='ocrx_word' id='word_1_79' title='bbox 1616 602 1758 636; x_wconf 81' lang='lat' dir='ltr'>axiculos</span> <span class='ocrx_word' id='word_1_80' title='bbox 1777 601 1881 637; x_wconf 80' lang='lat' dir='ltr'>uersa-</span> 
     </span>
    </p>
   </div>
   <div class='ocr_carea' id='block_1_8' title="bbox 70 1073 116 1113">
    <p class='ocr_par' dir='ltr' id='par_1_8' title="bbox 70 1073 116 1113">
     <span class='ocr_line' id='line_1_12' title="bbox 70 1073 116 1113; baseline 0.022 -1"><span class='ocrx_word' id='word_1_81' title='bbox 70 1073 116 1113; x_wconf 57' lang='lat' dir='ltr'>io</span> 
     </span>
    </p>
   </div>
   <div class='ocr_carea' id='block_1_9' title="bbox 68 1556 115 1614">
    <p class='ocr_par' dir='ltr' id='par_1_9' title="bbox 68 1556 115 1614">
     <span class='ocr_line' id='line_1_13' title="bbox 68 1556 115 1614; baseline 0 -50"><span class='ocrx_word' id='word_1_82' title='bbox 68 1556 115 1614; x_wconf 64' lang='lat'>„30</span> 
     </span>
    </p>
   </div>
   <div class='ocr_carea' id='block_1_10' title="bbox 134 645 1881 2054">
    <p class='ocr_par' dir='ltr' id='par_1_10' title="bbox 141 645 1881 1082">
     <span class='ocr_line' id='line_1_14' title="bbox 143 645 1880 695; baseline 0.001 -11"><span class='ocrx_word' id='word_1_83' title='bbox 143 651 250 684; x_wconf 84' lang='lat' dir='ltr'>tiones</span> <span class='ocrx_word' id='word_1_84' title='bbox 259 648 412 684; x_wconf 81' lang='lat' dir='ltr'>habentes</span> <span class='ocrx_word' id='word_1_85' title='bbox 421 674 430 687; x_wconf 92' lang='lat'>,</span> <span class='ocrx_word' id='word_1_86' title='bbox 442 660 497 695; x_wconf 86' lang='lat' dir='ltr'>per</span> <span class='ocrx_word' id='word_1_87' title='bbox 507 649 596 681; x_wconf 89' lang='lat' dir='ltr'>cuius</span> <span class='ocrx_word' id='word_1_88' title='bbox 605 646 787 680; x_wconf 88' lang='lat' dir='ltr'>orbiculum</span> <span class='ocrx_word' id='word_1_89' title='bbox 810 645 971 681; x_wconf 89' lang='lat' dir='ltr'>summum</span> <span class='ocrx_word' id='word_1_90' title='bbox 982 648 1137 690; x_wconf 82' lang='lat' dir='ltr'>traijcitur</span> <span class='ocrx_word' id='word_1_91' title='bbox 1155 647 1313 682; x_wconf 63' lang='lat' dir='ltr'>ductarius</span> <span class='ocrx_word' id='word_1_92' title='bbox 1324 646 1408 682; x_wconf 86' lang='lat' dir='ltr'>funis</span> <span class='ocrx_word' id='word_1_93' title='bbox 1420 649 1552 683; x_wconf 87' lang='lat' dir='ltr'>:deinde</span> <span class='ocrx_word' id='word_1_94' title='bbox 1570 649 1764 688; x_wconf 84' lang='lat' dir='ltr'>demittitur,</span> <span class='ocrx_word' id='word_1_95' title='bbox 1775 655 1806 685; x_wconf 78' lang='grc' dir='ltr'>δι</span> <span class='ocrx_word' id='word_1_96' title='bbox 1816 662 1880 685; x_wconf 77' lang='lat' dir='ltr'>tra-</span> 
     </span>
     <span class='ocr_line' id='line_1_15' title="bbox 142 693 1880 745; baseline 0.001 -13"><span class='ocrx_word' id='word_1_97' title='bbox 142 698 273 732; x_wconf 87' lang='lat' dir='ltr'>ducitur</span> <span class='ocrx_word' id='word_1_98' title='bbox 282 698 365 732; x_wconf 88' lang='lat' dir='ltr'>circa</span> <span class='ocrx_word' id='word_1_99' title='bbox 375 696 620 732; x_wconf 87' lang='lat' dir='ltr'>orbiculiimum</span> <span class='ocrx_word' id='word_1_100' title='bbox 638 695 786 729; x_wconf 69' lang='lat' dir='ltr'>trochleae</span> <span class='ocrx_word' id='word_1_101' title='bbox 798 694 957 730; x_wconf 85' lang='lat' dir='ltr'>inferioris</span> <span class='ocrx_word' id='word_1_102' title='bbox 968 719 977 734; x_wconf 90' lang='lat'>,</span> <span class='ocrx_word' id='word_1_103' title='bbox 990 693 1124 729; x_wconf 86' lang='lat' dir='ltr'>refertur</span> <span class='ocrx_word' id='word_1_104' title='bbox 1139 708 1243 730; x_wconf 89' lang='lat' dir='ltr'>autem</span> <span class='ocrx_word' id='word_1_105' title='bbox 1257 697 1295 730; x_wconf 82' lang='lat' dir='ltr'>ad</span> <span class='ocrx_word' id='word_1_106' title='bbox 1306 697 1489 730; x_wconf 86' lang='lat' dir='ltr'>orbiculum</span> <span class='ocrx_word' id='word_1_107' title='bbox 1510 698 1610 731; x_wconf 89' lang='lat' dir='ltr'>imum</span> <span class='ocrx_word' id='word_1_108' title='bbox 1624 699 1774 733; x_wconf 77' lang='lat' dir='ltr'>trochleae</span> <span class='ocrx_word' id='word_1_109' title='bbox 1789 697 1880 745; x_wconf 84' lang='lat' dir='ltr'>supe-</span> 
     </span>
     <span class='ocr_line' id='line_1_16' title="bbox 143 742 1879 792; baseline 0.001 -12"><span class='ocrx_word' id='word_1_110' title='bbox 143 746 249 782; x_wconf 74' lang='lat' dir='ltr'>rioris,</span> <span class='ocrx_word' id='word_1_111' title='bbox 260 749 291 781; x_wconf 68' lang='grc' dir='ltr'>ὃ(</span> <span class='ocrx_word' id='word_1_112' title='bbox 304 747 348 781; x_wconf 81' lang='lat' dir='ltr'>ita</span> <span class='ocrx_word' id='word_1_113' title='bbox 357 744 517 780; x_wconf 82' lang='lat' dir='ltr'>descendit</span> <span class='ocrx_word' id='word_1_114' title='bbox 536 744 576 778; x_wconf 86' lang='lat' dir='ltr'>ad</span> <span class='ocrx_word' id='word_1_115' title='bbox 589 744 775 778; x_wconf 70' lang='lat' dir='ltr'>interiorem</span> <span class='ocrx_word' id='word_1_116' title='bbox 786 768 795 782; x_wconf 93' lang='lat'>,</span> <span class='ocrx_word' id='word_1_117' title='bbox 806 747 838 778; x_wconf 75' lang='grc' dir='ltr'>δι</span> <span class='ocrx_word' id='word_1_118' title='bbox 848 745 879 777; x_wconf 91' lang='lat' dir='ltr'>in</span> <span class='ocrx_word' id='word_1_119' title='bbox 890 742 1046 778; x_wconf 81' lang='lat' dir='ltr'>foramine</span> <span class='ocrx_word' id='word_1_120' title='bbox 1057 746 1123 778; x_wconf 86' lang='lat' dir='ltr'>eius</span> <span class='ocrx_word' id='word_1_121' title='bbox 1142 755 1235 789; x_wconf 82' lang='lat' dir='ltr'>caput</span> <span class='ocrx_word' id='word_1_122' title='bbox 1247 743 1332 779; x_wconf 86' lang='lat' dir='ltr'>funis</span> <span class='ocrx_word' id='word_1_123' title='bbox 1343 746 1512 792; x_wconf 80' lang='lat' dir='ltr'>religatur:</span> <span class='ocrx_word' id='word_1_124' title='bbox 1527 746 1630 779; x_wconf 81' lang='lat' dir='ltr'>Altera</span> <span class='ocrx_word' id='word_1_125' title='bbox 1649 759 1718 791; x_wconf 85' lang='lat' dir='ltr'>pars</span> <span class='ocrx_word' id='word_1_126' title='bbox 1736 745 1819 781; x_wconf 90' lang='lat' dir='ltr'>funis</span> <span class='ocrx_word' id='word_1_127' title='bbox 1831 759 1879 781; x_wconf 88' lang='lat' dir='ltr'>re-</span> 
     </span>
     <span class='ocr_line' id='line_1_17' title="bbox 142 792 1876 841; baseline 0.001 -13"><span class='ocrx_word' id='word_1_128' title='bbox 142 793 243 828; x_wconf 86' lang='lat' dir='ltr'>fertur</span> <span class='ocrx_word' id='word_1_129' title='bbox 251 796 332 829; x_wconf 86' lang='lat' dir='ltr'>inter</span> <span class='ocrx_word' id='word_1_130' title='bbox 341 796 418 829; x_wconf 76' lang='lat' dir='ltr'>imas</span> <span class='ocrx_word' id='word_1_131' title='bbox 433 793 585 829; x_wconf 78' lang='lat' dir='ltr'>machinae</span> <span class='ocrx_word' id='word_1_132' title='bbox 594 805 707 840; x_wconf 83' lang='lat' dir='ltr'>partes.</span> <span class='ocrx_word' id='word_1_133' title='bbox 722 796 758 827; x_wconf 90' lang='lat' dir='ltr'>In</span> <span class='ocrx_word' id='word_1_134' title='bbox 770 792 898 839; x_wconf 82' lang='lat' dir='ltr'>quadris</span> <span class='ocrx_word' id='word_1_135' title='bbox 908 804 1015 827; x_wconf 86' lang='lat' dir='ltr'>autem</span> <span class='ocrx_word' id='word_1_136' title='bbox 1025 795 1192 840; x_wconf 87' lang='lat' dir='ltr'>tignorum</span> <span class='ocrx_word' id='word_1_137' title='bbox 1204 793 1446 839; x_wconf 84' lang='lat' dir='ltr'>posterioribus,</span> <span class='ocrx_word' id='word_1_138' title='bbox 1458 806 1526 841; x_wconf 90' lang='lat' dir='ltr'>quo</span> <span class='ocrx_word' id='word_1_139' title='bbox 1537 795 1601 828; x_wconf 88' lang='lat' dir='ltr'>loci</span> <span class='ocrx_word' id='word_1_140' title='bbox 1611 792 1683 828; x_wconf 88' lang='lat' dir='ltr'>sunt</span> <span class='ocrx_word' id='word_1_141' title='bbox 1693 794 1876 834; x_wconf 77' lang='lat' dir='ltr'>diuaricata,</span> 
     </span>
     <span class='ocr_line' id='line_1_18' title="bbox 141 840 1880 890; baseline 0 -13"><span class='ocrx_word' id='word_1_142' title='bbox 141 842 209 889; x_wconf 85' lang='lat' dir='ltr'>figu</span> <span class='ocrx_word' id='word_1_143' title='bbox 216 854 288 877; x_wconf 89' lang='lat' dir='ltr'>ntur</span> <span class='ocrx_word' id='word_1_144' title='bbox 296 843 452 881; x_wconf 82' lang='lat' dir='ltr'>chelonia,</span> <span class='ocrx_word' id='word_1_145' title='bbox 461 843 494 876; x_wconf 92' lang='lat' dir='ltr'>in</span> <span class='ocrx_word' id='word_1_146' title='bbox 503 854 571 888; x_wconf 86' lang='lat' dir='ltr'>quae</span> <span class='ocrx_word' id='word_1_147' title='bbox 582 842 798 886; x_wconf 82' lang='lat' dir='ltr'>conijciuntur</span> <span class='ocrx_word' id='word_1_148' title='bbox 806 840 986 875; x_wconf 86' lang='lat' dir='ltr'>sucularum</span> <span class='ocrx_word' id='word_1_149' title='bbox 996 845 1109 888; x_wconf 82' lang='lat' dir='ltr'>capita,</span> <span class='ocrx_word' id='word_1_150' title='bbox 1123 853 1156 875; x_wconf 91' lang='lat' dir='ltr'>ut</span> <span class='ocrx_word' id='word_1_151' title='bbox 1178 840 1315 876; x_wconf 76' lang='lat' dir='ltr'>faciliter</span> <span class='ocrx_word' id='word_1_152' title='bbox 1323 855 1394 876; x_wconf 84' lang='lat' dir='ltr'>axes</span> <span class='ocrx_word' id='word_1_153' title='bbox 1405 842 1568 877; x_wconf 81' lang='lat' dir='ltr'>uersentur</span> <span class='ocrx_word' id='word_1_154' title='bbox 1578 868 1587 877; x_wconf 89' lang='lat'>.</span> <span class='ocrx_word' id='word_1_155' title='bbox 1615 844 1668 876; x_wconf 82' lang='lat' dir='ltr'>Eae</span> <span class='ocrx_word' id='word_1_156' title='bbox 1679 841 1791 878; x_wconf 79' lang='lat' dir='ltr'>suculae</span> <span class='ocrx_word' id='word_1_157' title='bbox 1803 856 1880 890; x_wconf 87' lang='lat' dir='ltr'>pro-</span> 
     </span>
     <span class='ocr_line' id='line_1_19' title="bbox 143 889 1881 938; baseline 0.001 -13"><span class='ocrx_word' id='word_1_158' title='bbox 143 894 226 925; x_wconf 79' lang='lat' dir='ltr'>xime</span> <span class='ocrx_word' id='word_1_159' title='bbox 235 892 336 938; x_wconf 80' lang='lat' dir='ltr'>capita</span> <span class='ocrx_word' id='word_1_160' title='bbox 346 891 462 926; x_wconf 81' lang='lat' dir='ltr'>habent</span> <span class='ocrx_word' id='word_1_161' title='bbox 471 889 628 925; x_wconf 81' lang='lat' dir='ltr'>foramina</span> <span class='ocrx_word' id='word_1_162' title='bbox 648 889 723 924; x_wconf 81' lang='lat' dir='ltr'>bina</span> <span class='ocrx_word' id='word_1_163' title='bbox 741 892 784 924; x_wconf 85' lang='lat' dir='ltr'>ita</span> <span class='ocrx_word' id='word_1_164' title='bbox 801 900 974 935; x_wconf 85' lang='lat' dir='ltr'>temperata</span> <span class='ocrx_word' id='word_1_165' title='bbox 983 914 992 929; x_wconf 91' lang='lat'>,</span> <span class='ocrx_word' id='word_1_166' title='bbox 1004 901 1039 924; x_wconf 92' lang='lat' dir='ltr'>ut</span> <span class='ocrx_word' id='word_1_167' title='bbox 1048 891 1153 923; x_wconf 68' lang='lat' dir='ltr'>ueStes</span> <span class='ocrx_word' id='word_1_168' title='bbox 1165 891 1196 924; x_wconf 89' lang='lat' dir='ltr'>in</span> <span class='ocrx_word' id='word_1_169' title='bbox 1206 902 1240 924; x_wconf 81' lang='lat' dir='ltr'>ea</span> <span class='ocrx_word' id='word_1_170' title='bbox 1259 891 1432 925; x_wconf 85' lang='lat' dir='ltr'>conuenire</span> <span class='ocrx_word' id='word_1_171' title='bbox 1450 890 1571 937; x_wconf 86' lang='lat' dir='ltr'>possint</span> <span class='ocrx_word' id='word_1_172' title='bbox 1581 917 1590 925; x_wconf 94' lang='lat'>.</span> <span class='ocrx_word' id='word_1_173' title='bbox 1619 892 1674 926; x_wconf 83' lang='lat' dir='ltr'>Ad</span> <span class='ocrx_word' id='word_1_174' title='bbox 1693 892 1881 926; x_wconf 81' lang='lat' dir='ltr'>rechamum</span> 
     </span>
     <span class='ocr_line' id='line_1_20' title="bbox 143 937 1880 985; baseline 0.001 -12"><span class='ocrx_word' id='word_1_175' title='bbox 143 951 249 975; x_wconf 81' lang='lat' dir='ltr'>autem</span> <span class='ocrx_word' id='word_1_176' title='bbox 259 941 360 974; x_wconf 88' lang='lat' dir='ltr'>imum</span> <span class='ocrx_word' id='word_1_177' title='bbox 372 938 462 973; x_wconf 86' lang='lat' dir='ltr'>ferrei</span> <span class='ocrx_word' id='word_1_178' title='bbox 475 937 603 974; x_wconf 82' lang='lat' dir='ltr'>forfices</span> <span class='ocrx_word' id='word_1_179' title='bbox 614 939 797 985; x_wconf 72' lang='lat' dir='ltr'>religantur,</span> <span class='ocrx_word' id='word_1_180' title='bbox 808 950 950 984; x_wconf 86' lang='lat' dir='ltr'>quorum</span> <span class='ocrx_word' id='word_1_181' title='bbox 961 939 1071 981; x_wconf 85' lang='lat' dir='ltr'>dentes</span> <span class='ocrx_word' id='word_1_182' title='bbox 1082 940 1115 972; x_wconf 92' lang='lat' dir='ltr'>in</span> <span class='ocrx_word' id='word_1_183' title='bbox 1126 938 1191 973; x_wconf 82' lang='lat' dir='ltr'>saxa</span> <span class='ocrx_word' id='word_1_184' title='bbox 1210 937 1313 974; x_wconf 82' lang='lat' dir='ltr'>forata</span> <span class='ocrx_word' id='word_1_185' title='bbox 1331 940 1638 974; x_wconf 79' lang='lat' dir='ltr'>accommodantur.</span> <span class='ocrx_word' id='word_1_186' title='bbox 1674 942 1760 975; x_wconf 89' lang='lat' dir='ltr'>Cum</span> <span class='ocrx_word' id='word_1_187' title='bbox 1771 952 1880 975; x_wconf 85' lang='lat' dir='ltr'>autem</span> 
     </span>
     <span class='ocr_line' id='line_1_21' title="bbox 141 987 1880 1035; baseline 0.001 -13"><span class='ocrx_word' id='word_1_188' title='bbox 141 987 224 1022; x_wconf 83' lang='lat' dir='ltr'>funis</span> <span class='ocrx_word' id='word_1_189' title='bbox 234 988 328 1023; x_wconf 79' lang='lat' dir='ltr'>habet</span> <span class='ocrx_word' id='word_1_190' title='bbox 338 999 432 1035; x_wconf 87' lang='lat' dir='ltr'>caput</span> <span class='ocrx_word' id='word_1_191' title='bbox 442 988 480 1022; x_wconf 85' lang='lat' dir='ltr'>ad</span> <span class='ocrx_word' id='word_1_192' title='bbox 491 987 628 1022; x_wconf 85' lang='lat' dir='ltr'>suculam</span> <span class='ocrx_word' id='word_1_193' title='bbox 646 988 814 1033; x_wconf 78' lang='lat' dir='ltr'>religatum</span> <span class='ocrx_word' id='word_1_194' title='bbox 825 1012 834 1025; x_wconf 89' lang='lat'>,</span> <span class='ocrx_word' id='word_1_195' title='bbox 845 991 874 1020; x_wconf 71' lang='grc' dir='ltr'>ὅ(</span> <span class='ocrx_word' id='word_1_196' title='bbox 895 987 1001 1021; x_wconf 74' lang='grc' dir='ltr'>ιιεᾶες</span> <span class='ocrx_word' id='word_1_197' title='bbox 1020 987 1174 1022; x_wconf 81' lang='lat' dir='ltr'>ducentes</span> <span class='ocrx_word' id='word_1_198' title='bbox 1196 1001 1265 1022; x_wconf 85' lang='lat' dir='ltr'>eam</span> <span class='ocrx_word' id='word_1_199' title='bbox 1283 987 1404 1022; x_wconf 79' lang='lat' dir='ltr'>uersant</span> <span class='ocrx_word' id='word_1_200' title='bbox 1414 1011 1423 1026; x_wconf 92' lang='lat'>,</span> <span class='ocrx_word' id='word_1_201' title='bbox 1435 987 1518 1023; x_wconf 85' lang='lat' dir='ltr'>funis</span> <span class='ocrx_word' id='word_1_202' title='bbox 1529 988 1558 1024; x_wconf 87' lang='lat' dir='ltr'>se</span> <span class='ocrx_word' id='word_1_203' title='bbox 1578 989 1779 1024; x_wconf 86' lang='lat' dir='ltr'>inuoluendo</span> <span class='ocrx_word' id='word_1_204' title='bbox 1796 990 1880 1024; x_wconf 82' lang='lat' dir='ltr'>circa</span> 
     </span>
     <span class='ocr_line' id='line_1_22' title="bbox 141 1033 1560 1082; baseline 0.001 -12"><span class='ocrx_word' id='word_1_205' title='bbox 141 1035 278 1071; x_wconf 84' lang='lat' dir='ltr'>suculam</span> <span class='ocrx_word' id='word_1_206' title='bbox 289 1038 482 1075; x_wconf 81' lang='lat' dir='ltr'>extenditur,</span> <span class='ocrx_word' id='word_1_207' title='bbox 491 1040 522 1071; x_wconf 88' lang='lat'>&amp;</span> <span class='ocrx_word' id='word_1_208' title='bbox 532 1038 575 1070; x_wconf 79' lang='lat' dir='ltr'>ita</span> <span class='ocrx_word' id='word_1_209' title='bbox 585 1033 728 1071; x_wconf 80' lang='lat' dir='ltr'>subleuat</span> <span class='ocrx_word' id='word_1_210' title='bbox 738 1047 834 1069; x_wconf 84' lang='lat' dir='ltr'>onera</span> <span class='ocrx_word' id='word_1_211' title='bbox 842 1035 880 1068; x_wconf 82' lang='lat' dir='ltr'>ad</span> <span class='ocrx_word' id='word_1_212' title='bbox 890 1035 1107 1075; x_wconf 85' lang='lat' dir='ltr'>altitudinem,</span> <span class='ocrx_word' id='word_1_213' title='bbox 1118 1040 1149 1071; x_wconf 74' lang='grc' dir='ltr'>δι</span> <span class='ocrx_word' id='word_1_214' title='bbox 1159 1049 1295 1082; x_wconf 83' lang='lat' dir='ltr'>operum</span> <span class='ocrx_word' id='word_1_215' title='bbox 1312 1038 1560 1072; x_wconf 80' lang='lat' dir='ltr'>collocationes.</span> 
     </span>
    </p>

    <p class='ocr_par' dir='ltr' id='par_1_11' title="bbox 134 1083 1878 2054">
     <span class='ocr_line' id='line_1_23' title="bbox 189 1083 1877 1133; baseline 0.001 -13"><span class='ocrx_word' id='word_1_216' title='bbox 189 1093 286 1121; x_wconf 86' lang='lat' dir='ltr'>Docet</span> <span class='ocrx_word' id='word_1_217' title='bbox 294 1085 426 1121; x_wconf 91' lang='lat' dir='ltr'>hocloco</span> <span class='ocrx_word' id='word_1_218' title='bbox 434 1091 464 1121; x_wconf 92' lang='lat' dir='ltr'><em>V</em></span> <span class='ocrx_word' id='word_1_219' title='bbox 465 1087 591 1119; x_wconf 86' lang='lat' dir='ltr'>itruuius</span> <span class='ocrx_word' id='word_1_220' title='bbox 606 1096 666 1131; x_wconf 88' lang='lat' dir='ltr'>qua</span> <span class='ocrx_word' id='word_1_221' title='bbox 680 1086 796 1118; x_wconf 81' lang='lat' dir='ltr'>ratione</span> <span class='ocrx_word' id='word_1_222' title='bbox 805 1083 1026 1126; x_wconf 78' lang='lat' dir='ltr'>machinaefiant</span> <span class='ocrx_word' id='word_1_223' title='bbox 1035 1086 1076 1118; x_wconf 88' lang='lat' dir='ltr'>ad</span> <span class='ocrx_word' id='word_1_224' title='bbox 1084 1084 1362 1128; x_wconf 72' lang='lat' dir='ltr'>onerasubleuanda</span> <span class='ocrx_word' id='word_1_225' title='bbox 1370 1108 1380 1123; x_wconf 88' lang='lat'>‚</span> <span class='ocrx_word' id='word_1_226' title='bbox 1392 1092 1432 1125; x_wconf 72' lang='lat'>&amp;⁶</span> <span class='ocrx_word' id='word_1_227' title='bbox 1446 1085 1508 1129; x_wconf 78' lang='lat' dir='ltr'>suis</span> <span class='ocrx_word' id='word_1_228' title='bbox 1524 1085 1602 1121; x_wconf 74' lang='lat' dir='ltr'>locis</span> <span class='ocrx_word' id='word_1_229' title='bbox 1618 1088 1648 1121; x_wconf 88' lang='lat' dir='ltr'>in</span> <span class='ocrx_word' id='word_1_230' title='bbox 1667 1087 1791 1133; x_wconf 74' lang='lat' dir='ltr'>aedificijs</span> <span class='ocrx_word' id='word_1_231' title='bbox 1811 1089 1877 1121; x_wconf 78' lang='lat' dir='ltr'>im-</span> 
     </span>
     <span class='ocr_line' id='line_1_24' title="bbox 135 1132 1878 1183; baseline 0.001 -14"><span class='ocrx_word' id='word_1_232' title='bbox 135 1136 274 1183; x_wconf 84' lang='lat' dir='ltr'>ponenda</span> <span class='ocrx_word' id='word_1_233' title='bbox 286 1159 295 1169; x_wconf 88' lang='lat'>.</span> <span class='ocrx_word' id='word_1_234' title='bbox 321 1142 367 1169; x_wconf 88' lang='lat' dir='ltr'>De</span> <span class='ocrx_word' id='word_1_235' title='bbox 383 1133 517 1169; x_wconf 85' lang='lat' dir='ltr'>trochlea</span> <span class='ocrx_word' id='word_1_236' title='bbox 541 1135 670 1181; x_wconf 86' lang='lat' dir='ltr'>primum</span> <span class='ocrx_word' id='word_1_237' title='bbox 685 1132 819 1180; x_wconf 89' lang='lat' dir='ltr'>loquitur</span> <span class='ocrx_word' id='word_1_238' title='bbox 827 1158 837 1167; x_wconf 86' lang='lat'>.</span> <span class='ocrx_word' id='word_1_239' title='bbox 872 1132 1020 1167; x_wconf 81' lang='lat' dir='ltr'>Trochlea</span> <span class='ocrx_word' id='word_1_240' title='bbox 1035 1145 1056 1166; x_wconf 89' lang='lat' dir='ltr'>a</span> <span class='ocrx_word' id='word_1_241' title='bbox 1071 1132 1172 1175; x_wconf 77' lang='lat' dir='ltr'>nollris</span> <span class='ocrx_word' id='word_1_242' title='bbox 1190 1134 1271 1168; x_wconf 79' lang='lat' dir='ltr'>talea</span> <span class='ocrx_word' id='word_1_243' title='bbox 1281 1157 1290 1172; x_wconf 93' lang='lat'>‚</span> <span class='ocrx_word' id='word_1_244' title='bbox 1309 1133 1349 1169; x_wconf 91' lang='lat' dir='ltr'>ab</span> <span class='ocrx_word' id='word_1_245' title='bbox 1368 1134 1436 1180; x_wconf 78' lang='lat' dir='ltr'>alijs</span> <span class='ocrx_word' id='word_1_246' title='bbox 1454 1135 1610 1169; x_wconf 88' lang='lat' dir='ltr'>rechamus</span> <span class='ocrx_word' id='word_1_247' title='bbox 1627 1137 1735 1171; x_wconf 86' lang='lat' dir='ltr'>dicitur</span> <span class='ocrx_word' id='word_1_248' title='bbox 1743 1160 1752 1170; x_wconf 86' lang='lat'><strong>.</strong></span> <span class='ocrx_word' id='word_1_249' title='bbox 1780 1141 1878 1171; x_wconf 84' lang='lat' dir='ltr'>Com-</span> 
     </span>
     <span class='ocr_line' id='line_1_25' title="bbox 138 1181 1875 1233; baseline 0.001 -15"><span class='ocrx_word' id='word_1_250' title='bbox 138 1185 260 1231; x_wconf 88' lang='lat' dir='ltr'>ponitur</span> <span class='ocrx_word' id='word_1_251' title='bbox 275 1192 378 1218; x_wconf 74' lang='lat' dir='ltr'>autem</span> <span class='ocrx_word' id='word_1_252' title='bbox 393 1183 451 1217; x_wconf 88' lang='lat' dir='ltr'>hoc</span> <span class='ocrx_word' id='word_1_253' title='bbox 465 1184 550 1217; x_wconf 90' lang='lat' dir='ltr'>modo</span> <span class='ocrx_word' id='word_1_254' title='bbox 561 1207 570 1217; x_wconf 89' lang='lat'><strong>.</strong></span> <span class='ocrx_word' id='word_1_255' title='bbox 605 1183 754 1217; x_wconf 75' lang='lat' dir='ltr'>Scinditur</span> <span class='ocrx_word' id='word_1_256' title='bbox 771 1181 882 1227; x_wconf 76' lang='lat' dir='ltr'>lignum</span> <span class='ocrx_word' id='word_1_257' title='bbox 898 1183 937 1215; x_wconf 82' lang='lat' dir='ltr'>ad</span> <span class='ocrx_word' id='word_1_258' title='bbox 946 1182 1086 1226; x_wconf 74' lang='lat' dir='ltr'>formam</span> <span class='ocrx_word' id='word_1_259' title='bbox 1096 1189 1122 1213; x_wconf 89' lang='grc' dir='ltr'>Θ</span> <span class='ocrx_word' id='word_1_260' title='bbox 1133 1183 1223 1217; x_wconf 80' lang='lat' dir='ltr'>literae</span> <span class='ocrx_word' id='word_1_261' title='bbox 1235 1195 1330 1229; x_wconf 72' lang='lat' dir='ltr'>grace</span> <span class='ocrx_word' id='word_1_262' title='bbox 1339 1184 1458 1221; x_wconf 57' lang='lat' dir='ltr'>out-te,</span> <span class='ocrx_word' id='word_1_263' title='bbox 1467 1186 1496 1217; x_wconf 88' lang='lat' dir='ltr'>in</span> <span class='ocrx_word' id='word_1_264' title='bbox 1504 1196 1539 1218; x_wconf 84' lang='lat' dir='ltr'>ea</span> <span class='ocrx_word' id='word_1_265' title='bbox 1549 1183 1712 1222; x_wconf 84' lang='lat' dir='ltr'>orbiculus,</span> <span class='ocrx_word' id='word_1_266' title='bbox 1723 1196 1810 1233; x_wconf 84' lang='lat' dir='ltr'>quem</span> <span class='ocrx_word' id='word_1_267' title='bbox 1820 1197 1875 1219; x_wconf 90' lang='lat' dir='ltr'>no-</span> 
     </span>
     <span class='ocr_line' id='line_1_26' title="bbox 134 1230 1871 1279; baseline 0.001 -14"><span class='ocrx_word' id='word_1_268' title='bbox 134 1232 190 1275; x_wconf 76' lang='lat' dir='ltr'>firi</span> <span class='ocrx_word' id='word_1_269' title='bbox 197 1233 312 1266; x_wconf 83' lang='lat' dir='ltr'>radium</span> <span class='ocrx_word' id='word_1_270' title='bbox 321 1230 606 1279; x_wconf 79' lang='lat' dir='ltr'>appellant,axiculo</span> <span class='ocrx_word' id='word_1_271' title='bbox 614 1230 739 1264; x_wconf 68' lang='lat' dir='ltr'>traiet&#39;t&#39;o</span> <span class='ocrx_word' id='word_1_272' title='bbox 748 1231 803 1264; x_wconf 91' lang='lat' dir='ltr'>coll</span> <span class='ocrx_word' id='word_1_273' title='bbox 808 1240 924 1271; x_wconf 85' lang='lat' dir='ltr'>ocatur,·</span> <span class='ocrx_word' id='word_1_274' title='bbox 932 1231 1089 1265; x_wconf 87' lang='lat' dir='ltr'>axiculum</span> <span class='ocrx_word' id='word_1_275' title='bbox 1097 1230 1182 1272; x_wconf 67' lang='lat' dir='ltr'>nostri</span> <span class='ocrx_word' id='word_1_276' title='bbox 1194 1231 1367 1276; x_wconf 73' lang='lat' dir='ltr'>massionem</span> <span class='ocrx_word' id='word_1_277' title='bbox 1376 1242 1485 1266; x_wconf 81' lang='lat' dir='ltr'>uocant</span> <span class='ocrx_word' id='word_1_278' title='bbox 1496 1258 1504 1266; x_wconf 90' lang='lat'>.</span> <span class='ocrx_word' id='word_1_279' title='bbox 1516 1235 1545 1266; x_wconf 89' lang='lat' dir='ltr'>in</span> <span class='ocrx_word' id='word_1_280' title='bbox 1562 1232 1660 1267; x_wconf 88' lang='lat' dir='ltr'>cultro</span> <span class='ocrx_word' id='word_1_281' title='bbox 1670 1233 1769 1276; x_wconf 72' lang='lat' dir='ltr'>inserti</span> <span class='ocrx_word' id='word_1_282' title='bbox 1778 1232 1871 1267; x_wconf 87' lang='lat' dir='ltr'>orbi-</span> 
     </span>
     <span class='ocr_line' id='line_1_27' title="bbox 140 1278 1875 1328; baseline 0.001 -13"><span class='ocrx_word' id='word_1_283' title='bbox 140 1281 200 1316; x_wconf 85' lang='lat' dir='ltr'>culi</span> <span class='ocrx_word' id='word_1_284' title='bbox 208 1281 320 1315; x_wconf 88' lang='lat' dir='ltr'>canalis</span> <span class='ocrx_word' id='word_1_285' title='bbox 328 1278 453 1324; x_wconf 76' lang='lat' dir='ltr'>essfimis</span> <span class='ocrx_word' id='word_1_286' title='bbox 462 1281 651 1314; x_wconf 81' lang='lat' dir='ltr'>rotunditatis</span> <span class='ocrx_word' id='word_1_287' title='bbox 659 1288 760 1326; x_wconf 83' lang='lat' dir='ltr'>capax</span> <span class='ocrx_word' id='word_1_288' title='bbox 768 1279 963 1325; x_wconf 61' lang='lat' dir='ltr'>,fiiliienditur</span> <span class='ocrx_word' id='word_1_289' title='bbox 981 1282 1086 1314; x_wconf 86' lang='lat' dir='ltr'>uncino</span> <span class='ocrx_word' id='word_1_290' title='bbox 1095 1281 1134 1314; x_wconf 89' lang='lat' dir='ltr'>ad</span> <span class='ocrx_word' id='word_1_291' title='bbox 1144 1278 1257 1317; x_wconf 87' lang='lat' dir='ltr'>trabes,</span> <span class='ocrx_word' id='word_1_292' title='bbox 1263 1293 1324 1328; x_wconf 79' lang='lat' dir='ltr'>quae</span> <span class='ocrx_word' id='word_1_293' title='bbox 1333 1280 1390 1315; x_wconf 87' lang='lat' dir='ltr'>hoc</span> <span class='ocrx_word' id='word_1_294' title='bbox 1400 1283 1484 1314; x_wconf 75' lang='lat' dir='ltr'>inodo</span> <span class='ocrx_word' id='word_1_295' title='bbox 1492 1283 1755 1316; x_wconf 72' lang='lat' dir='ltr'>accommodantur</span> <span class='ocrx_word' id='word_1_296' title='bbox 1762 1308 1770 1316; x_wconf 90' lang='lat'><strong>.</strong></span> <span class='ocrx_word' id='word_1_297' title='bbox 1803 1284 1875 1316; x_wconf 78' lang='lat' dir='ltr'>Tria</span> 
     </span>
     <span class='ocr_line' id='line_1_28' title="bbox 140 1326 1873 1377; baseline -0.001 -13"><span class='ocrx_word' id='word_1_298' title='bbox 140 1331 224 1376; x_wconf 80' lang='lat' dir='ltr'>tigna</span> <span class='ocrx_word' id='word_1_299' title='bbox 232 1331 383 1375; x_wconf 82' lang='lat' dir='ltr'>eriguntur</span> <span class='ocrx_word' id='word_1_300' title='bbox 391 1341 425 1363; x_wconf 86' lang='lat' dir='ltr'>ea</span> <span class='ocrx_word' id='word_1_301' title='bbox 434 1330 633 1374; x_wconf 80' lang='lat' dir='ltr'>magnitudine</span> <span class='ocrx_word' id='word_1_302' title='bbox 641 1349 650 1364; x_wconf 90' lang='lat'>,</span> <span class='ocrx_word' id='word_1_303' title='bbox 660 1338 721 1374; x_wconf 80' lang='lat' dir='ltr'>quae</span> <span class='ocrx_word' id='word_1_304' title='bbox 730 1329 770 1362; x_wconf 89' lang='lat' dir='ltr'>ad</span> <span class='ocrx_word' id='word_1_305' title='bbox 785 1337 874 1374; x_wconf 87' lang='lat' dir='ltr'>opera</span> <span class='ocrx_word' id='word_1_306' title='bbox 883 1326 1145 1371; x_wconf 73' lang='lat' dir='ltr'>subleuandafiztis</span> <span class='ocrx_word' id='word_1_307' title='bbox 1153 1328 1208 1373; x_wconf 82' lang='lat' dir='ltr'>effe</span> <span class='ocrx_word' id='word_1_308' title='bbox 1222 1328 1433 1363; x_wconf 58' lang='lat' dir='ltr'>indicabantur</span> <span class='ocrx_word' id='word_1_309' title='bbox 1442 1352 1452 1366; x_wconf 95' lang='lat'>,</span> <span class='ocrx_word' id='word_1_310' title='bbox 1471 1342 1489 1363; x_wconf 89' lang='lat' dir='ltr'>a</span> <span class='ocrx_word' id='word_1_311' title='bbox 1492 1329 1640 1377; x_wconf 65' lang='lat' dir='ltr'>superiori</span> <span class='ocrx_word' id='word_1_312' title='bbox 1648 1339 1740 1376; x_wconf 84' lang='lat' dir='ltr'>parte</span> <span class='ocrx_word' id='word_1_313' title='bbox 1752 1328 1873 1372; x_wconf 65' lang='lat' dir='ltr'>fibulis,</span> 
     </span>
     <span class='ocr_line' id='line_1_29' title="bbox 141 1375 1872 1426; baseline 0 -14"><span class='ocrx_word' id='word_1_314' title='bbox 141 1390 219 1426; x_wconf 87' lang='lat' dir='ltr'>quas</span> <span class='ocrx_word' id='word_1_315' title='bbox 228 1389 279 1412; x_wconf 88' lang='lat' dir='ltr'>nos</span> <span class='ocrx_word' id='word_1_316' title='bbox 286 1380 403 1424; x_wconf 83' lang='lat' dir='ltr'>pirones</span> <span class='ocrx_word' id='word_1_317' title='bbox 413 1375 748 1422; x_wconf 82' lang='lat' dir='ltr'>dicimus,alligabuntur</span> <span class='ocrx_word' id='word_1_318' title='bbox 755 1399 765 1414; x_wconf 95' lang='lat'>,</span> <span class='ocrx_word' id='word_1_319' title='bbox 775 1376 815 1410; x_wconf 88' lang='lat' dir='ltr'>ab</span> <span class='ocrx_word' id='word_1_320' title='bbox 825 1377 957 1421; x_wconf 80' lang='lat' dir='ltr'>inferiori</span> <span class='ocrx_word' id='word_1_321' title='bbox 963 1379 1169 1411; x_wconf 86' lang='lat' dir='ltr'>diuaricantur</span> <span class='ocrx_word' id='word_1_322' title='bbox 1176 1400 1186 1415; x_wconf 94' lang='lat'>,</span> <span class='ocrx_word' id='word_1_323' title='bbox 1196 1387 1228 1411; x_wconf 87' lang='lat' dir='ltr'>ut</span> <span class='ocrx_word' id='word_1_324' title='bbox 1235 1379 1317 1412; x_wconf 67' lang='lat' dir='ltr'>§tare</span> <span class='ocrx_word' id='word_1_325' title='bbox 1323 1377 1427 1425; x_wconf 68' lang='lat' dir='ltr'>poffint</span> <span class='ocrx_word' id='word_1_326' title='bbox 1440 1404 1448 1412; x_wconf 94' lang='lat'><strong>.</strong></span> <span class='ocrx_word' id='word_1_327' title='bbox 1460 1378 1622 1421; x_wconf 80' lang='lat' dir='ltr'>lmiusmodi</span> <span class='ocrx_word' id='word_1_328' title='bbox 1634 1379 1872 1416; x_wconf 63' lang='lat' dir='ltr'>collocationem,</span> 
     </span>
     <span class='ocr_line' id='line_1_30' title="bbox 141 1424 1874 1474; baseline 0 -13"><span class='ocrx_word' id='word_1_329' title='bbox 141 1432 183 1467; x_wconf 73' lang='lat'><em>&amp;</em></span> <span class='ocrx_word' id='word_1_330' title='bbox 193 1428 275 1472; x_wconf 82' lang='lat' dir='ltr'>tigna</span> <span class='ocrx_word' id='word_1_331' title='bbox 277 1426 324 1470; x_wconf 84' lang='lat' dir='ltr'>fic</span> <span class='ocrx_word' id='word_1_332' title='bbox 331 1425 502 1473; x_wconf 81' lang='lat' dir='ltr'>composita,</span> <span class='ocrx_word' id='word_1_333' title='bbox 507 1426 658 1471; x_wconf 83' lang='lat' dir='ltr'>gauriam,</span> <span class='ocrx_word' id='word_1_334' title='bbox 666 1434 890 1469; x_wconf 80' lang='lat' dir='ltr'>autgauernam</span> <span class='ocrx_word' id='word_1_335' title='bbox 897 1424 984 1466; x_wconf 72' lang='lat' dir='ltr'>nostri</span> <span class='ocrx_word' id='word_1_336' title='bbox 993 1428 1092 1460; x_wconf 86' lang='lat' dir='ltr'>dicunt</span> <span class='ocrx_word' id='word_1_337' title='bbox 1100 1450 1110 1460; x_wconf 89' lang='lat'><strong>.</strong></span> <span class='ocrx_word' id='word_1_338' title='bbox 1119 1428 1294 1473; x_wconf 64' lang='lat' dir='ltr'>appenditur</span> <span class='ocrx_word' id='word_1_339' title='bbox 1310 1427 1446 1461; x_wconf 81' lang='lat' dir='ltr'>trochlea</span> <span class='ocrx_word' id='word_1_340' title='bbox 1455 1439 1514 1461; x_wconf 86' lang='lat' dir='ltr'>una</span> <span class='ocrx_word' id='word_1_341' title='bbox 1530 1429 1559 1460; x_wconf 87' lang='lat' dir='ltr'>in</span> <span class='ocrx_word' id='word_1_342' title='bbox 1564 1426 1710 1474; x_wconf 77' lang='lat' dir='ltr'>superiori</span> <span class='ocrx_word' id='word_1_343' title='bbox 1714 1436 1804 1474; x_wconf 72' lang='lat' dir='ltr'>parte</span> <span class='ocrx_word' id='word_1_344' title='bbox 1811 1449 1821 1465; x_wconf 93' lang='lat'>,</span> <span class='ocrx_word' id='word_1_345' title='bbox 1832 1432 1874 1466; x_wconf 67' lang='lat'>&amp;-</span> 
     </span>
     <span class='ocr_line' id='line_1_31' title="bbox 141 1473 1874 1521; baseline 0 -12"><span class='ocrx_word' id='word_1_346' title='bbox 141 1474 239 1509; x_wconf 83' lang='lat' dir='ltr'>altera</span> <span class='ocrx_word' id='word_1_347' title='bbox 247 1477 276 1508; x_wconf 89' lang='lat' dir='ltr'>in</span> <span class='ocrx_word' id='word_1_348' title='bbox 285 1475 416 1519; x_wconf 81' lang='lat' dir='ltr'>inferiori</span> <span class='ocrx_word' id='word_1_349' title='bbox 425 1500 434 1508; x_wconf 88' lang='lat'>.</span> <span class='ocrx_word' id='word_1_350' title='bbox 462 1480 597 1509; x_wconf 85' lang='lat' dir='ltr'>Textura</span> <span class='ocrx_word' id='word_1_351' title='bbox 607 1482 708 1507; x_wconf 88' lang='lat' dir='ltr'>autem</span> <span class='ocrx_word' id='word_1_352' title='bbox 712 1473 805 1517; x_wconf 76' lang='lat' dir='ltr'>funis,</span> <span class='ocrx_word' id='word_1_353' title='bbox 815 1485 905 1521; x_wconf 71' lang='lat' dir='ltr'>qicam</span> <span class='ocrx_word' id='word_1_354' title='bbox 915 1485 968 1508; x_wconf 86' lang='lat' dir='ltr'>nos</span> <span class='ocrx_word' id='word_1_355' title='bbox 977 1476 1171 1509; x_wconf 87' lang='lat' dir='ltr'>ordimentum</span> <span class='ocrx_word' id='word_1_356' title='bbox 1180 1487 1320 1509; x_wconf 74' lang='lat' dir='ltr'>uocamus</span> <span class='ocrx_word' id='word_1_357' title='bbox 1328 1498 1337 1513; x_wconf 96' lang='lat'>,</span> <span class='ocrx_word' id='word_1_358' title='bbox 1347 1475 1404 1510; x_wconf 89' lang='lat' dir='ltr'>hoc</span> <span class='ocrx_word' id='word_1_359' title='bbox 1413 1477 1498 1510; x_wconf 85' lang='lat' dir='ltr'>modo</span> <span class='ocrx_word' id='word_1_360' title='bbox 1505 1475 1543 1518; x_wconf 82' lang='lat' dir='ltr'>fit</span> <span class='ocrx_word' id='word_1_361' title='bbox 1553 1500 1560 1508; x_wconf 85' lang='lat'><strong>.</strong></span> <span class='ocrx_word' id='word_1_362' title='bbox 1590 1479 1722 1510; x_wconf 81' lang='lat' dir='ltr'>Sumitur</span> <span class='ocrx_word' id='word_1_363' title='bbox 1728 1477 1809 1519; x_wconf 76' lang='lat' dir='ltr'>funis</span> <span class='ocrx_word' id='word_1_364' title='bbox 1817 1477 1874 1510; x_wconf 80' lang='lat' dir='ltr'>du-</span> 
     </span>
     <span class='ocr_line' id='line_1_32' title="bbox 141 1522 1874 1571; baseline 0.002 -15"><span class='ocrx_word' id='word_1_365' title='bbox 141 1522 388 1568; x_wconf 48' lang='lat' dir='ltr'>&amp;armamenale</span> <span class='ocrx_word' id='word_1_366' title='bbox 396 1534 447 1556; x_wconf 88' lang='lat' dir='ltr'>nos</span> <span class='ocrx_word' id='word_1_367' title='bbox 455 1522 720 1569; x_wconf 86' lang='lat' dir='ltr'>uocamus,)caput</span> <span class='ocrx_word' id='word_1_368' title='bbox 731 1524 796 1556; x_wconf 87' lang='lat' dir='ltr'>eius</span> <span class='ocrx_word' id='word_1_369' title='bbox 805 1522 939 1564; x_wconf 85' lang='lat' dir='ltr'>inseritur</span> <span class='ocrx_word' id='word_1_370' title='bbox 948 1525 976 1556; x_wconf 88' lang='lat' dir='ltr'>in</span> <span class='ocrx_word' id='word_1_371' title='bbox 985 1523 1121 1557; x_wconf 77' lang='lat' dir='ltr'>canalem</span> <span class='ocrx_word' id='word_1_372' title='bbox 1133 1523 1260 1558; x_wconf 86' lang='lat' dir='ltr'>orbiculi</span> <span class='ocrx_word' id='word_1_373' title='bbox 1262 1523 1428 1571; x_wconf 69' lang='lat' dir='ltr'>fiiperioris</span> <span class='ocrx_word' id='word_1_374' title='bbox 1438 1547 1448 1562; x_wconf 88' lang='lat'>,</span> <span class='ocrx_word' id='word_1_375' title='bbox 1460 1525 1560 1559; x_wconf 81' lang='lat' dir='ltr'>deinde</span> <span class='ocrx_word' id='word_1_376' title='bbox 1569 1527 1735 1559; x_wconf 72' lang='lat' dir='ltr'>demittitur</span> <span class='ocrx_word' id='word_1_377' title='bbox 1743 1526 1782 1558; x_wconf 84' lang='lat' dir='ltr'>ad</span> <span class='ocrx_word' id='word_1_378' title='bbox 1793 1523 1874 1559; x_wconf 80' lang='lat' dir='ltr'>orbi-</span> 
     </span>
     <span class='ocr_line' id='line_1_33' title="bbox 140 1570 1875 1621; baseline 0.001 -16"><span class='ocrx_word' id='word_1_379' title='bbox 140 1571 239 1614; x_wconf 80' lang='lat' dir='ltr'>culum</span> <span class='ocrx_word' id='word_1_380' title='bbox 246 1570 384 1605; x_wconf 81' lang='lat' dir='ltr'>trochleae</span> <span class='ocrx_word' id='word_1_381' title='bbox 392 1572 537 1615; x_wconf 82' lang='lat' dir='ltr'>inferioris</span> <span class='ocrx_word' id='word_1_382' title='bbox 550 1593 560 1608; x_wconf 90' lang='lat'>,</span> <span class='ocrx_word' id='word_1_383' title='bbox 568 1576 608 1610; x_wconf 51' lang='grc' dir='ltr'>θ’</span> <span class='ocrx_word' id='word_1_384' title='bbox 615 1581 669 1616; x_wconf 83' lang='lat' dir='ltr'>per</span> <span class='ocrx_word' id='word_1_385' title='bbox 677 1573 738 1604; x_wconf 90' lang='lat' dir='ltr'>eius</span> <span class='ocrx_word' id='word_1_386' title='bbox 747 1570 882 1605; x_wconf 86' lang='lat' dir='ltr'>canalem</span> <span class='ocrx_word' id='word_1_387' title='bbox 891 1572 1031 1606; x_wconf 73' lang='lat' dir='ltr'>traiec‘tus</span> <span class='ocrx_word' id='word_1_388' title='bbox 1040 1594 1051 1610; x_wconf 91' lang='lat'>,</span> <span class='ocrx_word' id='word_1_389' title='bbox 1064 1573 1194 1615; x_wconf 86' lang='lat' dir='ltr'>refertur</span> <span class='ocrx_word' id='word_1_390' title='bbox 1201 1573 1240 1606; x_wconf 86' lang='lat' dir='ltr'>ad</span> <span class='ocrx_word' id='word_1_391' title='bbox 1248 1573 1415 1617; x_wconf 83' lang='lat' dir='ltr'>inferiorem</span> <span class='ocrx_word' id='word_1_392' title='bbox 1424 1572 1589 1607; x_wconf 85' lang='lat' dir='ltr'>orbiculum</span> <span class='ocrx_word' id='word_1_393' title='bbox 1597 1572 1735 1607; x_wconf 72' lang='lat' dir='ltr'>trochlea</span> <span class='ocrx_word' id='word_1_394' title='bbox 1737 1572 1875 1621; x_wconf 84' lang='lat' dir='ltr'>superio-</span> 
     </span>
     <span class='ocr_line' id='line_1_34' title="bbox 141 1619 1874 1670; baseline 0.002 -17"><span class='ocrx_word' id='word_1_395' title='bbox 141 1623 183 1654; x_wconf 91' lang='lat' dir='ltr'>ris</span> <span class='ocrx_word' id='word_1_396' title='bbox 195 1634 205 1653; x_wconf 93' lang='lat'>.·</span> <span class='ocrx_word' id='word_1_397' title='bbox 216 1625 255 1659; x_wconf 66' lang='lat'>(9⁴</span> <span class='ocrx_word' id='word_1_398' title='bbox 262 1629 315 1666; x_wconf 82' lang='lat' dir='ltr'>per</span> <span class='ocrx_word' id='word_1_399' title='bbox 325 1621 386 1654; x_wconf 87' lang='lat' dir='ltr'>eius</span> <span class='ocrx_word' id='word_1_400' title='bbox 394 1619 528 1654; x_wconf 90' lang='lat' dir='ltr'>canalem</span> <span class='ocrx_word' id='word_1_401' title='bbox 535 1619 669 1653; x_wconf 70' lang='lat' dir='ltr'>indutias</span> <span class='ocrx_word' id='word_1_402' title='bbox 676 1620 842 1653; x_wconf 82' lang='lat' dir='ltr'>demittitur</span> <span class='ocrx_word' id='word_1_403' title='bbox 857 1621 896 1653; x_wconf 90' lang='lat' dir='ltr'>ad</span> <span class='ocrx_word' id='word_1_404' title='bbox 910 1619 1076 1654; x_wconf 86' lang='lat' dir='ltr'>orbiculum</span> <span class='ocrx_word' id='word_1_405' title='bbox 1084 1619 1264 1668; x_wconf 73' lang='lat' dir='ltr'>superiorem</span> <span class='ocrx_word' id='word_1_406' title='bbox 1282 1621 1419 1656; x_wconf 51' lang='lat' dir='ltr'>trochleae</span> <span class='ocrx_word' id='word_1_407' title='bbox 1435 1622 1581 1665; x_wconf 80' lang='lat' dir='ltr'>inferioris</span> <span class='ocrx_word' id='word_1_408' title='bbox 1591 1644 1601 1659; x_wconf 94' lang='lat'>,</span> <span class='ocrx_word' id='word_1_409' title='bbox 1619 1621 1694 1670; x_wconf 88' lang='lat' dir='ltr'>ibiq‚·</span> <span class='ocrx_word' id='word_1_410' title='bbox 1711 1622 1853 1668; x_wconf 85' lang='lat' dir='ltr'>alligatur</span> <span class='ocrx_word' id='word_1_411' title='bbox 1862 1634 1874 1656; x_wconf 80' lang='grc'>.-</span> 
     </span>
     <span class='ocr_line' id='line_1_35' title="bbox 142 1666 1876 1715; baseline 0.001 -13"><span class='ocrx_word' id='word_1_412' title='bbox 142 1675 238 1715; x_wconf 82' lang='lat' dir='ltr'>caput</span> <span class='ocrx_word' id='word_1_413' title='bbox 248 1667 376 1702; x_wconf 87' lang='lat' dir='ltr'>alterum</span> <span class='ocrx_word' id='word_1_414' title='bbox 384 1668 514 1714; x_wconf 58' lang='lat' dir='ltr'>dutiarij</span> <span class='ocrx_word' id='word_1_415' title='bbox 518 1668 599 1711; x_wconf 81' lang='lat' dir='ltr'>funis</span> <span class='ocrx_word' id='word_1_416' title='bbox 607 1666 733 1702; x_wconf 89' lang='lat' dir='ltr'>liberum</span> <span class='ocrx_word' id='word_1_417' title='bbox 741 1667 790 1709; x_wconf 74' lang='lat' dir='ltr'>esi,</span> <span class='ocrx_word' id='word_1_418' title='bbox 799 1667 848 1702; x_wconf 91' lang='lat' dir='ltr'>uel</span> <span class='ocrx_word' id='word_1_419' title='bbox 855 1677 889 1702; x_wconf 90' lang='lat' dir='ltr'>ut</span> <span class='ocrx_word' id='word_1_420' title='bbox 897 1667 1037 1703; x_wconf 88' lang='lat' dir='ltr'>manibus</span> <span class='ocrx_word' id='word_1_421' title='bbox 1045 1669 1196 1707; x_wconf 82' lang='lat' dir='ltr'>trahatur,</span> <span class='ocrx_word' id='word_1_422' title='bbox 1201 1669 1229 1713; x_wconf 86' lang='lat' dir='ltr'><strong><em>fi</em></strong></span> <span class='ocrx_word' id='word_1_423' title='bbox 1239 1669 1351 1704; x_wconf 85' lang='lat' dir='ltr'>leuiora</span> <span class='ocrx_word' id='word_1_424' title='bbox 1356 1670 1424 1713; x_wconf 79' lang='lat' dir='ltr'>sunt</span> <span class='ocrx_word' id='word_1_425' title='bbox 1435 1682 1523 1704; x_wconf 88' lang='lat' dir='ltr'>onera</span> <span class='ocrx_word' id='word_1_426' title='bbox 1533 1693 1543 1708; x_wconf 93' lang='lat'>,</span> <span class='ocrx_word' id='word_1_427' title='bbox 1554 1669 1603 1704; x_wconf 88' lang='lat' dir='ltr'>uel</span> <span class='ocrx_word' id='word_1_428' title='bbox 1621 1669 1766 1713; x_wconf 77' lang='lat' dir='ltr'>utJiiculae</span> <span class='ocrx_word' id='word_1_429' title='bbox 1774 1670 1876 1715; x_wconf 86' lang='lat' dir='ltr'>allige-</span> 
     </span>
     <span class='ocr_line' id='line_1_36' title="bbox 141 1716 1875 1764; baseline 0.002 -14"><span class='ocrx_word' id='word_1_430' title='bbox 141 1725 202 1754; x_wconf 87' lang='lat' dir='ltr'>tur,</span> <span class='ocrx_word' id='word_1_431' title='bbox 207 1728 267 1763; x_wconf 76' lang='lat' dir='ltr'>quae</span> <span class='ocrx_word' id='word_1_432' title='bbox 276 1718 352 1750; x_wconf 85' lang='lat' dir='ltr'>inter</span> <span class='ocrx_word' id='word_1_433' title='bbox 357 1718 446 1764; x_wconf 88' lang='lat' dir='ltr'>pedes</span> <span class='ocrx_word' id='word_1_434' title='bbox 454 1719 602 1762; x_wconf 83' lang='lat' dir='ltr'>tignorum</span> <span class='ocrx_word' id='word_1_435' title='bbox 613 1717 794 1750; x_wconf 88' lang='lat' dir='ltr'>diuaricatos</span> <span class='ocrx_word' id='word_1_436' title='bbox 802 1716 993 1762; x_wconf 81' lang='lat' dir='ltr'>affigiturfius</span> <span class='ocrx_word' id='word_1_437' title='bbox 999 1717 1086 1761; x_wconf 81' lang='lat' dir='ltr'>ansis,</span> <span class='ocrx_word' id='word_1_438' title='bbox 1094 1730 1170 1764; x_wconf 87' lang='lat' dir='ltr'>quas</span> <span class='ocrx_word' id='word_1_439' title='bbox 1178 1717 1312 1752; x_wconf 80' lang='lat' dir='ltr'>chelonia</span> <span class='ocrx_word' id='word_1_440' title='bbox 1321 1725 1352 1754; x_wconf 88' lang='lat' dir='ltr'><em>V</em></span> <span class='ocrx_word' id='word_1_441' title='bbox 1351 1717 1579 1761; x_wconf 70' lang='lat' dir='ltr'>itruuiusmoftri</span> <span class='ocrx_word' id='word_1_442' title='bbox 1585 1718 1738 1754; x_wconf 85' lang='lat' dir='ltr'>auriculas</span> <span class='ocrx_word' id='word_1_443' title='bbox 1752 1727 1875 1753; x_wconf 87' lang='lat' dir='ltr'>uocant.</span> 
     </span>
     <span class='ocr_line' id='line_1_37' title="bbox 142 1763 1873 1815; baseline 0.001 -16"><span class='ocrx_word' id='word_1_444' title='bbox 142 1764 252 1799; x_wconf 85' lang='lat' dir='ltr'>Sucula</span> <span class='ocrx_word' id='word_1_445' title='bbox 259 1764 401 1803; x_wconf 68' lang='lat' dir='ltr'>uet&#39;t&#39;ibus,</span> <span class='ocrx_word' id='word_1_446' title='bbox 411 1777 484 1812; x_wconf 86' lang='lat' dir='ltr'>quos</span> <span class='ocrx_word' id='word_1_447' title='bbox 491 1763 709 1810; x_wconf 76' lang='lat' dir='ltr'>nosirislangas,</span> <span class='ocrx_word' id='word_1_448' title='bbox 719 1773 771 1798; x_wconf 90' lang='lat' dir='ltr'>aut</span> <span class='ocrx_word' id='word_1_449' title='bbox 780 1763 911 1805; x_wconf 74' lang='lat' dir='ltr'>bastones</span> <span class='ocrx_word' id='word_1_450' title='bbox 918 1766 1020 1799; x_wconf 86' lang='lat' dir='ltr'>dicunt</span> <span class='ocrx_word' id='word_1_451' title='bbox 1027 1788 1036 1802; x_wconf 90' lang='lat'>,</span> <span class='ocrx_word' id='word_1_452' title='bbox 1047 1765 1181 1809; x_wconf 79' lang='lat' dir='ltr'>uersatur</span> <span class='ocrx_word' id='word_1_453' title='bbox 1189 1791 1198 1800; x_wconf 90' lang='lat'>.</span> <span class='ocrx_word' id='word_1_454' title='bbox 1208 1769 1337 1813; x_wconf 85' lang='lat' dir='ltr'>pondera</span> <span class='ocrx_word' id='word_1_455' title='bbox 1341 1766 1507 1811; x_wconf 82' lang='lat' dir='ltr'>forficibus,</span> <span class='ocrx_word' id='word_1_456' title='bbox 1512 1780 1585 1814; x_wconf 88' lang='lat' dir='ltr'>quas</span> <span class='ocrx_word' id='word_1_457' title='bbox 1595 1774 1718 1815; x_wconf 58' lang='lat' dir='ltr'>Ganzos</span> <span class='ocrx_word' id='word_1_458' title='bbox 1727 1768 1853 1802; x_wconf 84' lang='lat' dir='ltr'>dicimus</span> <span class='ocrx_word' id='word_1_459' title='bbox 1861 1789 1873 1805; x_wconf 86' lang='lat'><em>‚</em></span> 
     </span>
     <span class='ocr_line' id='line_1_38' title="bbox 143 1812 1876 1862; baseline 0.001 -15"><span class='ocrx_word' id='word_1_460' title='bbox 143 1812 192 1848; x_wconf 88' lang='lat' dir='ltr'>uel</span> <span class='ocrx_word' id='word_1_461' title='bbox 199 1815 320 1847; x_wconf 83' lang='lat' dir='ltr'>uncinos</span> <span class='ocrx_word' id='word_1_462' title='bbox 329 1814 535 1850; x_wconf 85' lang='lat' dir='ltr'>attrahuntur,</span> <span class='ocrx_word' id='word_1_463' title='bbox 538 1812 607 1856; x_wconf 77' lang='lat' dir='ltr'>sunt</span> <span class='ocrx_word' id='word_1_464' title='bbox 617 1814 693 1846; x_wconf 86' lang='lat' dir='ltr'>enim</span> <span class='ocrx_word' id='word_1_465' title='bbox 701 1812 819 1860; x_wconf 84' lang='lat' dir='ltr'>appensi</span> <span class='ocrx_word' id='word_1_466' title='bbox 822 1813 945 1856; x_wconf 83' lang='lat' dir='ltr'>forfices</span> <span class='ocrx_word' id='word_1_467' title='bbox 951 1814 1082 1858; x_wconf 77' lang='lat' dir='ltr'>inferiori</span> <span class='ocrx_word' id='word_1_468' title='bbox 1088 1814 1224 1849; x_wconf 83' lang='lat' dir='ltr'>trochleae</span> <span class='ocrx_word' id='word_1_469' title='bbox 1232 1837 1241 1852; x_wconf 88' lang='lat'><em>‚</em></span> <span class='ocrx_word' id='word_1_470' title='bbox 1252 1825 1286 1850; x_wconf 90' lang='lat' dir='ltr'>ut</span> <span class='ocrx_word' id='word_1_471' title='bbox 1301 1815 1339 1858; x_wconf 74' lang='lat' dir='ltr'>esi</span> <span class='ocrx_word' id='word_1_472' title='bbox 1347 1819 1375 1849; x_wconf 85' lang='lat' dir='ltr'>in</span> <span class='ocrx_word' id='word_1_473' title='bbox 1385 1818 1600 1862; x_wconf 71' lang='lat' dir='ltr'>diagrammate</span> <span class='ocrx_word' id='word_1_474' title='bbox 1608 1816 1659 1850; x_wconf 88' lang='lat' dir='ltr'>ubi</span> <span class='ocrx_word' id='word_1_475' title='bbox 1682 1821 1722 1851; x_wconf 76' lang='lat' dir='ltr'>,A</span> <span class='ocrx_word' id='word_1_476' title='bbox 1731 1841 1740 1850; x_wconf 89' lang='lat'>.</span> <span class='ocrx_word' id='word_1_477' title='bbox 1766 1827 1876 1850; x_wconf 65' lang='lat' dir='ltr'>verum</span> 
     </span>
     <span class='ocr_line' id='line_1_39' title="bbox 143 1861 1877 1912; baseline 0.002 -15"><span class='ocrx_word' id='word_1_478' title='bbox 143 1871 179 1897; x_wconf 85' lang='lat' dir='ltr'>ut</span> <span class='ocrx_word' id='word_1_479' title='bbox 189 1861 323 1896; x_wconf 85' lang='lat' dir='ltr'>trochlea</span> <span class='ocrx_word' id='word_1_480' title='bbox 341 1862 423 1896; x_wconf 60' lang='lat' dir='ltr'>ree‘t&#39;a</span> <span class='ocrx_word' id='word_1_481' title='bbox 440 1864 554 1896; x_wconf 87' lang='lat' dir='ltr'>ratione</span> <span class='ocrx_word' id='word_1_482' title='bbox 563 1861 755 1908; x_wconf 83' lang='lat' dir='ltr'>perficiatur,</span> <span class='ocrx_word' id='word_1_483' title='bbox 767 1867 808 1900; x_wconf 60' lang='grc' dir='ltr'>(φ</span> <span class='ocrx_word' id='word_1_484' title='bbox 816 1861 886 1904; x_wconf 68' lang='lat' dir='ltr'>filos</span> <span class='ocrx_word' id='word_1_485' title='bbox 903 1862 1080 1905; x_wconf 82' lang='lat' dir='ltr'>commensus</span> <span class='ocrx_word' id='word_1_486' title='bbox 1096 1862 1393 1910; x_wconf 76' lang='lat' dir='ltr'>habeat,craffitudo</span> <span class='ocrx_word' id='word_1_487' title='bbox 1404 1864 1492 1909; x_wconf 80' lang='lat' dir='ltr'>funis</span> <span class='ocrx_word' id='word_1_488' title='bbox 1497 1867 1594 1912; x_wconf 86' lang='lat' dir='ltr'>primo</span> <span class='ocrx_word' id='word_1_489' title='bbox 1611 1864 1819 1908; x_wconf 81' lang='lat' dir='ltr'>consideranda</span> <span class='ocrx_word' id='word_1_490' title='bbox 1831 1865 1877 1900; x_wconf 64' lang='lat' dir='ltr'>est</span> 
     </span>
     <span class='ocr_line' id='line_1_40' title="bbox 143 1908 1876 1958; baseline 0 -12"><span class='ocrx_word' id='word_1_491' title='bbox 143 1920 288 1958; x_wconf 85' lang='lat' dir='ltr'>tanquam</span> <span class='ocrx_word' id='word_1_492' title='bbox 296 1911 434 1945; x_wconf 87' lang='lat' dir='ltr'>modulus</span> <span class='ocrx_word' id='word_1_493' title='bbox 443 1933 453 1948; x_wconf 90' lang='lat'>,</span> <span class='ocrx_word' id='word_1_494' title='bbox 464 1912 563 1944; x_wconf 87' lang='lat' dir='ltr'>deinde</span> <span class='ocrx_word' id='word_1_495' title='bbox 571 1922 610 1944; x_wconf 80' lang='lat' dir='ltr'>ex</span> <span class='ocrx_word' id='word_1_496' title='bbox 619 1922 652 1944; x_wconf 86' lang='lat' dir='ltr'>ea</span> <span class='ocrx_word' id='word_1_497' title='bbox 658 1912 817 1957; x_wconf 84' lang='lat' dir='ltr'>partienda</span> <span class='ocrx_word' id='word_1_498' title='bbox 828 1908 867 1952; x_wconf 74' lang='lat' dir='ltr'>esi</span> <span class='ocrx_word' id='word_1_499' title='bbox 879 1910 1016 1945; x_wconf 89' lang='lat' dir='ltr'>trochlea</span> <span class='ocrx_word' id='word_1_500' title='bbox 1033 1912 1090 1946; x_wconf 82' lang='lat' dir='ltr'>boc</span> <span class='ocrx_word' id='word_1_501' title='bbox 1099 1915 1184 1946; x_wconf 89' lang='lat' dir='ltr'>modo</span> <span class='ocrx_word' id='word_1_502' title='bbox 1195 1936 1204 1945; x_wconf 88' lang='lat'><strong>.</strong></span> <span class='ocrx_word' id='word_1_503' title='bbox 1214 1915 1282 1947; x_wconf 83' lang='lat' dir='ltr'>Fiat</span> <span class='ocrx_word' id='word_1_504' title='bbox 1292 1913 1422 1947; x_wconf 84' lang='lat' dir='ltr'>circulus</span> <span class='ocrx_word' id='word_1_505' title='bbox 1430 1915 1512 1948; x_wconf 89' lang='lat' dir='ltr'>cuius</span> <span class='ocrx_word' id='word_1_506' title='bbox 1513 1913 1731 1956; x_wconf 68' lang='lat' dir='ltr'>semidiameter</span> <span class='ocrx_word' id='word_1_507' title='bbox 1741 1922 1803 1947; x_wconf 90' lang='lat' dir='ltr'>tres</span> <span class='ocrx_word' id='word_1_508' title='bbox 1811 1913 1876 1947; x_wconf 79' lang='lat' dir='ltr'>ha-</span> 
     </span>
     <span class='ocr_line' id='line_1_41' title="bbox 144 1958 1876 2005; baseline 0.001 -11"><span class='ocrx_word' id='word_1_509' title='bbox 144 1958 301 2002; x_wconf 81' lang='lat' dir='ltr'>beatfunis</span> <span class='ocrx_word' id='word_1_510' title='bbox 308 1958 519 2004; x_wconf 80' lang='lat' dir='ltr'>craffitudines‚</span> <span class='ocrx_word' id='word_1_511' title='bbox 531 1967 593 1993; x_wconf 88' lang='lat' dir='ltr'>tam</span> <span class='ocrx_word' id='word_1_512' title='bbox 600 1961 701 2005; x_wconf 88' lang='lat' dir='ltr'>magni</span> <span class='ocrx_word' id='word_1_513' title='bbox 709 1967 794 1992; x_wconf 85' lang='lat' dir='ltr'>erant</span> <span class='ocrx_word' id='word_1_514' title='bbox 803 1961 929 1993; x_wconf 88' lang='lat' dir='ltr'>minores</span> <span class='ocrx_word' id='word_1_515' title='bbox 936 1959 1074 1995; x_wconf 77' lang='lat' dir='ltr'>trochleae</span> <span class='ocrx_word' id='word_1_516' title='bbox 1083 1959 1210 1995; x_wconf 85' lang='lat' dir='ltr'>orbiculi</span> <span class='ocrx_word' id='word_1_517' title='bbox 1217 1982 1227 1998; x_wconf 91' lang='lat'>,</span> <span class='ocrx_word' id='word_1_518' title='bbox 1238 1964 1365 1996; x_wconf 85' lang='lat' dir='ltr'>maiores</span> <span class='ocrx_word' id='word_1_519' title='bbox 1374 1972 1475 1996; x_wconf 90' lang='lat' dir='ltr'>autem</span> <span class='ocrx_word' id='word_1_520' title='bbox 1483 1961 1609 1997; x_wconf 82' lang='lat' dir='ltr'>orbiculi</span> <span class='ocrx_word' id='word_1_521' title='bbox 1619 1960 1792 2002; x_wconf 73' lang='lat' dir='ltr'>conflabunt</span> <span class='ocrx_word' id='word_1_522' title='bbox 1811 1963 1876 1996; x_wconf 85' lang='lat' dir='ltr'>dia-</span> 
     </span>
     <span class='ocr_line' id='line_1_42' title="bbox 144 2005 1876 2054; baseline 0.002 -13"><span class='ocrx_word' id='word_1_523' title='bbox 144 2009 248 2041; x_wconf 86' lang='lat' dir='ltr'>metris</span> <span class='ocrx_word' id='word_1_524' title='bbox 256 2007 352 2054; x_wconf 83' lang='lat' dir='ltr'>duplis</span> <span class='ocrx_word' id='word_1_525' title='bbox 359 2005 519 2042; x_wconf 75' lang='lat' dir='ltr'>minoribus</span> <span class='ocrx_word' id='word_1_526' title='bbox 526 2006 677 2046; x_wconf 85' lang='lat' dir='ltr'>orbiculis,</span> <span class='ocrx_word' id='word_1_527' title='bbox 687 2006 725 2041; x_wconf 89' lang='lat' dir='ltr'>ab</span> <span class='ocrx_word' id='word_1_528' title='bbox 735 2006 801 2054; x_wconf 52' lang='lat' dir='ltr'>&#39;iuli</span> <span class='ocrx_word' id='word_1_529' title='bbox 820 2006 974 2042; x_wconf 63' lang='lat' dir='ltr'>distabunt</span> <span class='ocrx_word' id='word_1_530' title='bbox 983 2011 1128 2043; x_wconf 86' lang='lat' dir='ltr'>maiorum</span> <span class='ocrx_word' id='word_1_531' title='bbox 1135 2016 1176 2049; x_wconf 64' lang='grc' dir='ltr'>ζφ</span> <span class='ocrx_word' id='word_1_532' title='bbox 1189 2012 1336 2044; x_wconf 72' lang='lat' dir='ltr'>minorum</span> <span class='ocrx_word' id='word_1_533' title='bbox 1355 2020 1457 2045; x_wconf 82' lang='lat' dir='ltr'>centra</span> <span class='ocrx_word' id='word_1_534' title='bbox 1474 2009 1570 2045; x_wconf 85' lang='lat' dir='ltr'>tribus</span> <span class='ocrx_word' id='word_1_535' title='bbox 1580 2012 1731 2044; x_wconf 86' lang='lat' dir='ltr'>diametris</span> <span class='ocrx_word' id='word_1_536' title='bbox 1741 2015 1782 2049; x_wconf 68' lang='lat'>&amp;-</span> <span class='ocrx_word' id='word_1_537' title='bbox 1790 2011 1876 2044; x_wconf 88' lang='lat' dir='ltr'>dimi-</span> 
     </span>
    </p>
   </div>
   <div class='ocr_carea' id='block_1_11' title="bbox 71 2055 1877 2105">
    <p class='ocr_par' dir='ltr' id='par_1_12' title="bbox 71 2055 1877 2105">
     <span class='ocr_line' id='line_1_43' title="bbox 71 2055 1877 2105; baseline 0.001 -15"><span class='ocrx_word' id='word_1_538' title='bbox 71 2069 118 2105; x_wconf 79' lang='lat'>4⁰</span> <span class='ocrx_word' id='word_1_539' title='bbox 143 2058 193 2091; x_wconf 90' lang='lat' dir='ltr'>dia</span> <span class='ocrx_word' id='word_1_540' title='bbox 201 2057 347 2090; x_wconf 85' lang='lat' dir='ltr'>minorum</span> <span class='ocrx_word' id='word_1_541' title='bbox 358 2055 557 2090; x_wconf 86' lang='lat' dir='ltr'>orbiculorum</span> <span class='ocrx_word' id='word_1_542' title='bbox 569 2070 580 2090; x_wconf 92' lang='grc'>.·</span> <span class='ocrx_word' id='word_1_543' title='bbox 588 2055 628 2090; x_wconf 89' lang='lat' dir='ltr'>ab</span> <span class='ocrx_word' id='word_1_544' title='bbox 637 2057 779 2090; x_wconf 83' lang='lat' dir='ltr'>extremis</span> <span class='ocrx_word' id='word_1_545' title='bbox 787 2065 886 2090; x_wconf 83' lang='lat' dir='ltr'>autem</span> <span class='ocrx_word' id='word_1_546' title='bbox 894 2055 1055 2091; x_wconf 86' lang='lat' dir='ltr'>maioribus</span> <span class='ocrx_word' id='word_1_547' title='bbox 1066 2058 1206 2092; x_wconf 87' lang='lat' dir='ltr'>orbiculis</span> <span class='ocrx_word' id='word_1_548' title='bbox 1213 2060 1357 2093; x_wconf 89' lang='lat' dir='ltr'>ducentur</span> <span class='ocrx_word' id='word_1_549' title='bbox 1366 2059 1446 2094; x_wconf 63' lang='lat' dir='ltr'>linea</span> <span class='ocrx_word' id='word_1_550' title='bbox 1454 2062 1654 2105; x_wconf 84' lang='lat' dir='ltr'>contingentes</span> <span class='ocrx_word' id='word_1_551' title='bbox 1674 2067 1811 2093; x_wconf 85' lang='lat' dir='ltr'>extrema</span> <span class='ocrx_word' id='word_1_552' title='bbox 1819 2061 1877 2094; x_wconf 81' lang='lat' dir='ltr'>mi-</span> 
     </span>
    </p>
   </div>
   <div class='ocr_carea' id='block_1_12' title="bbox 140 2103 1877 2544">
    <p class='ocr_par' dir='ltr' id='par_1_13' title="bbox 140 2103 1877 2544">
     <span class='ocr_line' id='line_1_44' title="bbox 144 2103 1877 2151; baseline 0.002 -13"><span class='ocrx_word' id='word_1_553' title='bbox 144 2116 248 2138; x_wconf 87' lang='lat' dir='ltr'>norum</span> <span class='ocrx_word' id='word_1_554' title='bbox 265 2103 465 2139; x_wconf 85' lang='lat' dir='ltr'>orbiculorum</span> <span class='ocrx_word' id='word_1_555' title='bbox 503 2106 727 2138; x_wconf 85' lang='lat' dir='ltr'>uemadmodum</span> <span class='ocrx_word' id='word_1_556' title='bbox 734 2116 774 2139; x_wconf 83' lang='lat' dir='ltr'>ex</span> <span class='ocrx_word' id='word_1_557' title='bbox 785 2106 1000 2150; x_wconf 80' lang='lat' dir='ltr'>diagrammate</span> <span class='ocrx_word' id='word_1_558' title='bbox 1008 2107 1136 2141; x_wconf 87' lang='lat' dir='ltr'>uidetur.</span> <span class='ocrx_word' id='word_1_559' title='bbox 1144 2106 1196 2141; x_wconf 90' lang='lat' dir='ltr'>ubi</span> <span class='ocrx_word' id='word_1_560' title='bbox 1219 2111 1269 2142; x_wconf 74' lang='lat' dir='ltr'>A.</span> <span class='ocrx_word' id='word_1_561' title='bbox 1280 2110 1376 2141; x_wconf 89' lang='lat' dir='ltr'>minor</span> <span class='ocrx_word' id='word_1_562' title='bbox 1392 2107 1556 2145; x_wconf 82' lang='lat' dir='ltr'>orbiculus,</span> <span class='ocrx_word' id='word_1_563' title='bbox 1565 2110 1648 2141; x_wconf 88' lang='lat' dir='ltr'>cuius</span> <span class='ocrx_word' id='word_1_564' title='bbox 1656 2109 1817 2142; x_wconf 84' lang='lat' dir='ltr'>diametros</span> <span class='ocrx_word' id='word_1_565' title='bbox 1819 2108 1877 2151; x_wconf 77' lang='lat' dir='ltr'>fiex</span> 
     </span>
     <span class='ocr_line' id='line_1_45' title="bbox 140 2117 1877 2202; baseline 0.002 -16"><span class='ocrx_word' id='word_1_566' title='bbox 140 2154 223 2197; x_wconf 77' lang='lat' dir='ltr'>funis</span> <span class='ocrx_word' id='word_1_567' title='bbox 231 2155 432 2197; x_wconf 85' lang='lat' dir='ltr'>crassitudines</span> <span class='ocrx_word' id='word_1_568' title='bbox 440 2117 543 2191; x_wconf 66' lang='lat' dir='ltr'>habet,</span> <span class='ocrx_word' id='word_1_569' title='bbox 569 2160 604 2188; x_wconf 88' lang='grc' dir='ltr'>Β.</span> <span class='ocrx_word' id='word_1_570' title='bbox 631 2155 725 2187; x_wconf 88' lang='lat' dir='ltr'>maior</span> <span class='ocrx_word' id='word_1_571' title='bbox 736 2177 744 2192; x_wconf 93' lang='lat'>‚</span> <span class='ocrx_word' id='word_1_572' title='bbox 754 2155 838 2187; x_wconf 87' lang='lat' dir='ltr'>cuius</span> <span class='ocrx_word' id='word_1_573' title='bbox 844 2155 1003 2188; x_wconf 89' lang='lat' dir='ltr'>diametros</span> <span class='ocrx_word' id='word_1_574' title='bbox 1010 2154 1099 2202; x_wconf 86' lang='lat' dir='ltr'>dupla</span> <span class='ocrx_word' id='word_1_575' title='bbox 1109 2158 1166 2190; x_wconf 85' lang='lat' dir='ltr'>erit</span> <span class='ocrx_word' id='word_1_576' title='bbox 1175 2157 1318 2189; x_wconf 82' lang='lat' dir='ltr'>diametro</span> <span class='ocrx_word' id='word_1_577' title='bbox 1327 2158 1447 2189; x_wconf 89' lang='lat' dir='ltr'>minoris</span> <span class='ocrx_word' id='word_1_578' title='bbox 1456 2154 1582 2190; x_wconf 86' lang='lat' dir='ltr'>orbiculi</span> <span class='ocrx_word' id='word_1_579' title='bbox 1589 2178 1600 2194; x_wconf 93' lang='lat'>,</span> <span class='ocrx_word' id='word_1_580' title='bbox 1610 2162 1651 2196; x_wconf 75' lang='lat'><em>&amp;</em></span> <span class='ocrx_word' id='word_1_581' title='bbox 1659 2165 1762 2190; x_wconf 85' lang='lat' dir='ltr'>centra</span> <span class='ocrx_word' id='word_1_582' title='bbox 1772 2155 1877 2191; x_wconf 88' lang='lat' dir='ltr'>horum</span> 
     </span>
     <span class='ocr_line' id='line_1_46' title="bbox 145 2200 1877 2249; baseline 0.002 -14"><span class='ocrx_word' id='word_1_583' title='bbox 145 2200 244 2236; x_wconf 79' lang='lat' dir='ltr'>tribus</span> <span class='ocrx_word' id='word_1_584' title='bbox 254 2203 417 2239; x_wconf 88' lang='lat' dir='ltr'>diametris,</span> <span class='ocrx_word' id='word_1_585' title='bbox 429 2207 470 2242; x_wconf 66' lang='lat'>(9⁸</span> <span class='ocrx_word' id='word_1_586' title='bbox 479 2203 596 2236; x_wconf 83' lang='lat' dir='ltr'>dimidia</span> <span class='ocrx_word' id='word_1_587' title='bbox 605 2203 726 2249; x_wconf 82' lang='lat' dir='ltr'>minoris</span> <span class='ocrx_word' id='word_1_588' title='bbox 733 2200 885 2236; x_wconf 70' lang='lat' dir='ltr'>distabunt</span> <span class='ocrx_word' id='word_1_589' title='bbox 895 2228 903 2237; x_wconf 92' lang='lat'><em>.</em></span> <span class='ocrx_word' id='word_1_590' title='bbox 915 2203 995 2237; x_wconf 81' lang='lat' dir='ltr'>lineae</span> <span class='ocrx_word' id='word_1_591' title='bbox 1003 2215 1072 2236; x_wconf 89' lang='lat' dir='ltr'>uero</span> <span class='ocrx_word' id='word_1_592' title='bbox 1089 2206 1290 2249; x_wconf 86' lang='lat' dir='ltr'>contingentes</span> <span class='ocrx_word' id='word_1_593' title='bbox 1299 2212 1434 2238; x_wconf 80' lang='lat' dir='ltr'>extrema</span> <span class='ocrx_word' id='word_1_594' title='bbox 1442 2203 1641 2239; x_wconf 85' lang='lat' dir='ltr'>orbiculorum</span> <span class='ocrx_word' id='word_1_595' title='bbox 1642 2205 1713 2248; x_wconf 75' lang='lat' dir='ltr'>sunt</span> <span class='ocrx_word' id='word_1_596' title='bbox 1739 2206 1759 2239; x_wconf 88' lang='lat' dir='ltr'>d</span> <span class='ocrx_word' id='word_1_597' title='bbox 1781 2217 1809 2239; x_wconf 82' lang='lat' dir='ltr'>e.</span> <span class='ocrx_word' id='word_1_598' title='bbox 1835 2211 1877 2245; x_wconf 73' lang='lat'>&amp;⁴</span> 
     </span>
     <span class='ocr_line' id='line_1_47' title="bbox 146 2249 1875 2296; baseline 0.002 -12"><span class='ocrx_word' id='word_1_599' title='bbox 146 2261 164 2284; x_wconf 78' lang='lat' dir='ltr'>e</span> <span class='ocrx_word' id='word_1_600' title='bbox 182 2250 210 2294; x_wconf 80' lang='lat' dir='ltr'>f.</span> <span class='ocrx_word' id='word_1_601' title='bbox 243 2256 384 2285; x_wconf 77' lang='lat' dir='ltr'>Centrum</span> <span class='ocrx_word' id='word_1_602' title='bbox 391 2262 462 2284; x_wconf 88' lang='lat' dir='ltr'>uero</span> <span class='ocrx_word' id='word_1_603' title='bbox 472 2249 598 2285; x_wconf 86' lang='lat' dir='ltr'>orbiculi</span> <span class='ocrx_word' id='word_1_604' title='bbox 607 2251 694 2296; x_wconf 73' lang='lat' dir='ltr'>medij</span> <span class='ocrx_word' id='word_1_605' title='bbox 711 2249 763 2284; x_wconf 87' lang='lat' dir='ltr'>ubi</span> <span class='ocrx_word' id='word_1_606' title='bbox 788 2257 821 2285; x_wconf 87' lang='lat' dir='ltr'>C.</span> <span class='ocrx_word' id='word_1_607' title='bbox 846 2254 984 2285; x_wconf 89' lang='lat' dir='ltr'>aminore</span> <span class='ocrx_word' id='word_1_608' title='bbox 993 2251 1117 2286; x_wconf 73' lang='lat' dir='ltr'>dis‘tabit</span> <span class='ocrx_word' id='word_1_609' title='bbox 1127 2252 1355 2296; x_wconf 70' lang='lat' dir='ltr'>semidiametris</span> <span class='ocrx_word' id='word_1_610' title='bbox 1364 2251 1460 2287; x_wconf 89' lang='lat' dir='ltr'>tribus</span> <span class='ocrx_word' id='word_1_611' title='bbox 1469 2276 1477 2290; x_wconf 92' lang='lat'>,</span> <span class='ocrx_word' id='word_1_612' title='bbox 1490 2259 1531 2292; x_wconf 64' lang='grc' dir='ltr'>(ξφ</span> <span class='ocrx_word' id='word_1_613' title='bbox 1541 2254 1664 2288; x_wconf 90' lang='lat' dir='ltr'>ducetur</span> <span class='ocrx_word' id='word_1_614' title='bbox 1678 2255 1708 2287; x_wconf 84' lang='lat' dir='ltr'>in</span> <span class='ocrx_word' id='word_1_615' title='bbox 1718 2264 1821 2288; x_wconf 87' lang='lat' dir='ltr'>centro</span> <span class='ocrx_word' id='word_1_616' title='bbox 1846 2268 1875 2288; x_wconf 87' lang='lat' dir='ltr'>c.</span> 
     </span>
     <span class='ocr_line' id='line_1_48' title="bbox 148 2299 1877 2350; baseline 0.002 -17"><span class='ocrx_word' id='word_1_617' title='bbox 148 2307 212 2333; x_wconf 87' lang='lat' dir='ltr'>tam</span> <span class='ocrx_word' id='word_1_618' title='bbox 219 2310 326 2344; x_wconf 83' lang='lat' dir='ltr'>magna</span> <span class='ocrx_word' id='word_1_619' title='bbox 334 2301 488 2333; x_wconf 77' lang='lat' dir='ltr'>circinatio</span> <span class='ocrx_word' id='word_1_620' title='bbox 497 2322 507 2337; x_wconf 89' lang='lat'>‚</span> <span class='ocrx_word' id='word_1_621' title='bbox 518 2309 630 2345; x_wconf 78' lang='lat' dir='ltr'>quanta</span> <span class='ocrx_word' id='word_1_622' title='bbox 641 2300 686 2333; x_wconf 67' lang='lat' dir='ltr'>est</span> <span class='ocrx_word' id='word_1_623' title='bbox 695 2299 820 2334; x_wconf 86' lang='lat' dir='ltr'>latitudo</span> <span class='ocrx_word' id='word_1_624' title='bbox 830 2299 974 2334; x_wconf 87' lang='lat' dir='ltr'>linearum</span> <span class='ocrx_word' id='word_1_625' title='bbox 990 2302 1222 2346; x_wconf 85' lang='lat' dir='ltr'>contingentium</span> <span class='ocrx_word' id='word_1_626' title='bbox 1239 2310 1374 2335; x_wconf 86' lang='lat' dir='ltr'>extrema</span> <span class='ocrx_word' id='word_1_627' title='bbox 1392 2299 1593 2336; x_wconf 86' lang='lat' dir='ltr'>orbiculorum</span> <span class='ocrx_word' id='word_1_628' title='bbox 1600 2324 1609 2340; x_wconf 89' lang='lat'>,</span> <span class='ocrx_word' id='word_1_629' title='bbox 1620 2312 1877 2350; x_wconf 87' lang='lat' dir='ltr'>quorumpropor-</span> 
     </span>
     <span class='ocr_line' id='line_1_49' title="bbox 146 2346 1877 2392; baseline 0.003 -12"><span class='ocrx_word' id='word_1_630' title='bbox 146 2349 243 2383; x_wconf 82' lang='lat' dir='ltr'>tiones</span> <span class='ocrx_word' id='word_1_631' title='bbox 246 2346 359 2390; x_wconf 83' lang='lat' dir='ltr'>similes</span> <span class='ocrx_word' id='word_1_632' title='bbox 367 2349 540 2385; x_wconf 70' lang='lat' dir='ltr'>erunt‚ideft</span> <span class='ocrx_word' id='word_1_633' title='bbox 545 2347 591 2392; x_wconf 85' lang='lat' dir='ltr'>fic</span> <span class='ocrx_word' id='word_1_634' title='bbox 594 2348 628 2391; x_wconf 90' lang='lat' dir='ltr'>se</span> <span class='ocrx_word' id='word_1_635' title='bbox 636 2346 761 2382; x_wconf 86' lang='lat' dir='ltr'>habebit</span> <span class='ocrx_word' id='word_1_636' title='bbox 769 2349 864 2382; x_wconf 91' lang='lat' dir='ltr'>maior</span> <span class='ocrx_word' id='word_1_637' title='bbox 871 2350 911 2383; x_wconf 89' lang='lat' dir='ltr'>ad</span> <span class='ocrx_word' id='word_1_638' title='bbox 918 2350 1044 2382; x_wconf 89' lang='lat' dir='ltr'>medium</span> <span class='ocrx_word' id='word_1_639' title='bbox 1053 2349 1220 2383; x_wconf 88' lang='lat' dir='ltr'>orbiculum</span> <span class='ocrx_word' id='word_1_640' title='bbox 1228 2372 1238 2386; x_wconf 87' lang='lat'>‚</span> <span class='ocrx_word' id='word_1_641' title='bbox 1251 2359 1284 2383; x_wconf 88' lang='lat' dir='ltr'>ut</span> <span class='ocrx_word' id='word_1_642' title='bbox 1292 2351 1404 2384; x_wconf 89' lang='lat' dir='ltr'>medius</span> <span class='ocrx_word' id='word_1_643' title='bbox 1412 2352 1452 2384; x_wconf 89' lang='lat' dir='ltr'>ad</span> <span class='ocrx_word' id='word_1_644' title='bbox 1460 2353 1602 2385; x_wconf 86' lang='lat' dir='ltr'>minorem</span> <span class='ocrx_word' id='word_1_645' title='bbox 1613 2376 1622 2384; x_wconf 92' lang='lat'>.</span> <span class='ocrx_word' id='word_1_646' title='bbox 1648 2352 1752 2386; x_wconf 89' lang='lat' dir='ltr'>Totius</span> <span class='ocrx_word' id='word_1_647' title='bbox 1766 2360 1820 2385; x_wconf 84' lang='lat' dir='ltr'>aut</span> <span class='ocrx_word' id='word_1_648' title='bbox 1828 2351 1877 2385; x_wconf 90' lang='lat' dir='ltr'>lo-</span> 
     </span>
     <span class='ocr_line' id='line_1_50' title="bbox 147 2395 1874 2446; baseline 0.002 -17"><span class='ocrx_word' id='word_1_649' title='bbox 147 2395 370 2432; x_wconf 83' lang='lat' dir='ltr'>culameutt‚uel</span> <span class='ocrx_word' id='word_1_650' title='bbox 378 2395 517 2430; x_wconf 73' lang='lat' dir='ltr'>trochleae</span> <span class='ocrx_word' id='word_1_651' title='bbox 525 2395 675 2442; x_wconf 80' lang='lat' dir='ltr'>longitudo</span> <span class='ocrx_word' id='word_1_652' title='bbox 685 2398 835 2430; x_wconf 86' lang='lat' dir='ltr'>diametris</span> <span class='ocrx_word' id='word_1_653' title='bbox 843 2397 908 2431; x_wconf 72' lang='lat' dir='ltr'>ouo</span> <span class='ocrx_word' id='word_1_654' title='bbox 917 2399 1039 2431; x_wconf 85' lang='lat' dir='ltr'>minoris</span> <span class='ocrx_word' id='word_1_655' title='bbox 1055 2396 1181 2431; x_wconf 88' lang='lat' dir='ltr'>orbiculi</span> <span class='ocrx_word' id='word_1_656' title='bbox 1189 2397 1433 2446; x_wconf 71' lang='lat' dir='ltr'>constabit‚erinj‚·</span> <span class='ocrx_word' id='word_1_657' title='bbox 1459 2411 1475 2433; x_wconf 89' lang='lat' dir='ltr'>e</span> <span class='ocrx_word' id='word_1_658' title='bbox 1493 2411 1529 2444; x_wconf 85' lang='lat' dir='ltr'>g.</span> <span class='ocrx_word' id='word_1_659' title='bbox 1558 2398 1758 2433; x_wconf 84' lang='lat' dir='ltr'>orbiculorum</span> <span class='ocrx_word' id='word_1_660' title='bbox 1772 2408 1874 2433; x_wconf 87' lang='lat' dir='ltr'>autem</span> 
     </span>
     <span class='ocr_line' id='line_1_51' title="bbox 147 2443 1871 2494; baseline 0.002 -15"><span class='ocrx_word' id='word_1_661' title='bbox 147 2446 305 2489; x_wconf 82' lang='lat' dir='ltr'>crassitudo</span> <span class='ocrx_word' id='word_1_662' title='bbox 317 2446 349 2478; x_wconf 85' lang='lat' dir='ltr'>in</span> <span class='ocrx_word' id='word_1_663' title='bbox 358 2455 417 2491; x_wconf 83' lang='lat' dir='ltr'>qua</span> <span class='ocrx_word' id='word_1_664' title='bbox 426 2444 538 2478; x_wconf 87' lang='lat' dir='ltr'>canalis</span> <span class='ocrx_word' id='word_1_665' title='bbox 546 2443 584 2486; x_wconf 78' lang='lat' dir='ltr'>esl</span> <span class='ocrx_word' id='word_1_666' title='bbox 592 2467 603 2482; x_wconf 88' lang='lat'>,</span> <span class='ocrx_word' id='word_1_667' title='bbox 615 2451 655 2485; x_wconf 71' lang='lat'>&amp;⁴</span> <span class='ocrx_word' id='word_1_668' title='bbox 658 2445 741 2489; x_wconf 82' lang='lat' dir='ltr'>funis</span> <span class='ocrx_word' id='word_1_669' title='bbox 750 2446 907 2483; x_wconf 87' lang='lat' dir='ltr'>inducitur,</span> <span class='ocrx_word' id='word_1_670' title='bbox 914 2445 1069 2492; x_wconf 85' lang='lat' dir='ltr'>aliquanto</span> <span class='ocrx_word' id='word_1_671' title='bbox 1072 2446 1146 2487; x_wconf 81' lang='lat' dir='ltr'>fune</span> <span class='ocrx_word' id='word_1_672' title='bbox 1154 2448 1281 2494; x_wconf 85' lang='lat' dir='ltr'>amplior</span> <span class='ocrx_word' id='word_1_673' title='bbox 1284 2445 1426 2488; x_wconf 73' lang='lat' dir='ltr'>fheienda</span> <span class='ocrx_word' id='word_1_674' title='bbox 1435 2446 1590 2492; x_wconf 74' lang='lat' dir='ltr'>esi.&#39;Pofita</span> <span class='ocrx_word' id='word_1_675' title='bbox 1598 2449 1689 2492; x_wconf 75' lang='lat' dir='ltr'>igitur</span> <span class='ocrx_word' id='word_1_676' title='bbox 1697 2447 1871 2482; x_wconf 71' lang='lat' dir='ltr'>trochlearn</span> 
     </span>
     <span class='ocr_line' id='line_1_52' title="bbox 147 2492 1874 2544; baseline 0.002 -18"><span class='ocrx_word' id='word_1_677' title='bbox 147 2492 355 2540; x_wconf 71' lang='lat' dir='ltr'>compositione</span> <span class='ocrx_word' id='word_1_678' title='bbox 362 2494 401 2526; x_wconf 87' lang='lat' dir='ltr'>ad</span> <span class='ocrx_word' id='word_1_679' title='bbox 408 2494 553 2527; x_wconf 87' lang='lat' dir='ltr'>rationem</span> <span class='ocrx_word' id='word_1_680' title='bbox 568 2494 683 2528; x_wconf 86' lang='lat' dir='ltr'>illarum</span> <span class='ocrx_word' id='word_1_681' title='bbox 700 2496 814 2527; x_wconf 89' lang='lat' dir='ltr'>ueniam</span> <span class='ocrx_word' id='word_1_682' title='bbox 823 2516 832 2530; x_wconf 95' lang='lat'><em>‚</em></span> <span class='ocrx_word' id='word_1_683' title='bbox 845 2503 879 2528; x_wconf 93' lang='lat' dir='ltr'>ut</span> <span class='ocrx_word' id='word_1_684' title='bbox 887 2505 944 2528; x_wconf 86' lang='lat' dir='ltr'>non</span> <span class='ocrx_word' id='word_1_685' title='bbox 960 2496 1045 2528; x_wconf 89' lang='lat' dir='ltr'>modo</span> <span class='ocrx_word' id='word_1_686' title='bbox 1048 2494 1217 2540; x_wconf 78' lang='lat' dir='ltr'>significata</span> <span class='ocrx_word' id='word_1_687' title='bbox 1227 2507 1284 2532; x_wconf 90' lang='lat' dir='ltr'>res,</span> <span class='ocrx_word' id='word_1_688' title='bbox 1293 2496 1413 2542; x_wconf 73' lang='lat' dir='ltr'>effec‘lus</span> <span class='ocrx_word' id='word_1_689' title='bbox 1421 2518 1430 2533; x_wconf 94' lang='lat'>‚</span> <span class='ocrx_word' id='word_1_690' title='bbox 1441 2501 1483 2535; x_wconf 54' lang='grc' dir='ltr'>ξφ</span> <span class='ocrx_word' id='word_1_691' title='bbox 1499 2505 1572 2542; x_wconf 87' lang='lat' dir='ltr'>opus</span> <span class='ocrx_word' id='word_1_692' title='bbox 1582 2496 1647 2539; x_wconf 81' lang='lat' dir='ltr'>‚sed</span> <span class='ocrx_word' id='word_1_693' title='bbox 1654 2508 1701 2530; x_wconf 86' lang='lat' dir='ltr'>res</span> <span class='ocrx_word' id='word_1_694' title='bbox 1709 2496 1874 2544; x_wconf 81' lang='lat' dir='ltr'>quaefigni-</span> 
     </span>
    </p>
   </div>
   <div class='ocr_carea' id='block_1_13' title="bbox 70 2535 1874 2597">
    <p class='ocr_par' dir='ltr' id='par_1_14' title="bbox 70 2535 1874 2597">
     <span class='ocr_line' id='line_1_53' title="bbox 70 2535 1874 2597; baseline 0.001 -21"><span class='ocrx_word' id='word_1_695' title='bbox 70 2535 120 2597; x_wconf 63' lang='lat'>¹50,</span> <span class='ocrx_word' id='word_1_696' title='bbox 143 2543 232 2585; x_wconf 77' lang='lat' dir='ltr'>ficar,</span> <span class='ocrx_word' id='word_1_697' title='bbox 243 2547 284 2581; x_wconf 66' lang='grc' dir='ltr'>(φ’</span> <span class='ocrx_word' id='word_1_698' title='bbox 296 2540 382 2584; x_wconf 77' lang='lat' dir='ltr'>caufiz</span> <span class='ocrx_word' id='word_1_699' title='bbox 392 2547 432 2581; x_wconf 56' lang='grc' dir='ltr'>ὠ·</span> <span class='ocrx_word' id='word_1_700' title='bbox 439 2543 519 2575; x_wconf 81' lang='lat' dir='ltr'>ratio</span> <span class='ocrx_word' id='word_1_701' title='bbox 530 2542 722 2587; x_wconf 85' lang='lat' dir='ltr'>intelligatur.</span> <span class='ocrx_word' id='word_1_702' title='bbox 730 2542 820 2587; x_wconf 67' lang='lat' dir='ltr'>Nulli</span> <span class='ocrx_word' id='word_1_703' title='bbox 828 2541 948 2576; x_wconf 88' lang='lat' dir='ltr'>dubium</span> <span class='ocrx_word' id='word_1_704' title='bbox 956 2541 1004 2584; x_wconf 77' lang='lat' dir='ltr'>eft,</span> <span class='ocrx_word' id='word_1_705' title='bbox 1015 2542 1123 2590; x_wconf 82' lang='lat' dir='ltr'>quodsi</span> <span class='ocrx_word' id='word_1_706' title='bbox 1126 2544 1262 2587; x_wconf 81' lang='lat' dir='ltr'>funiculo</span> <span class='ocrx_word' id='word_1_707' title='bbox 1266 2543 1396 2590; x_wconf 87' lang='lat' dir='ltr'>simplici</span> <span class='ocrx_word' id='word_1_708' title='bbox 1403 2546 1587 2590; x_wconf 78' lang='lat' dir='ltr'>appendatur</span> <span class='ocrx_word' id='word_1_709' title='bbox 1597 2555 1668 2578; x_wconf 84' lang='lat' dir='ltr'>onus</span> <span class='ocrx_word' id='word_1_710' title='bbox 1675 2554 1791 2578; x_wconf 84' lang='lat' dir='ltr'>centum</span> <span class='ocrx_word' id='word_1_711' title='bbox 1796 2555 1874 2591; x_wconf 85' lang='lat' dir='ltr'>pon-</span> 
     </span>
    </p>
   </div>
   <div class='ocr_carea' id='block_1_14' title="bbox 75 3024 1873 3079">
    <p class='ocr_par' dir='ltr' id='par_1_15' title="bbox 75 3024 1873 3079">
     <span class='ocr_line' id='line_1_54' title="bbox 75 3024 1873 3079; baseline 0 -19"><span class='ocrx_word' id='word_1_712' title='bbox 75 3031 122 3065; x_wconf 77' lang='lat'>60</span> <span class='ocrx_word' id='word_1_713' title='bbox 146 3028 349 3075; x_wconf 77' lang='lat' dir='ltr'>parant,addu</span> <span class='ocrx_word' id='word_1_714' title='bbox 353 3025 596 3074; x_wconf 55' lang='lat' dir='ltr'>nt43fitculan&amp;</span> <span class='ocrx_word' id='word_1_715' title='bbox 603 3035 720 3074; x_wconf 86' lang='lat' dir='ltr'>ergata,</span> <span class='ocrx_word' id='word_1_716' title='bbox 729 3037 791 3073; x_wconf 74' lang='lat' dir='ltr'>qua</span> <span class='ocrx_word' id='word_1_717' title='bbox 799 3028 896 3062; x_wconf 84' lang='lat' dir='ltr'>omnia</span> <span class='ocrx_word' id='word_1_718' title='bbox 899 3024 1048 3071; x_wconf 68' lang='lat' dir='ltr'>fizcilitati</span> <span class='ocrx_word' id='word_1_719' title='bbox 1053 3026 1235 3062; x_wconf 83' lang='lat' dir='ltr'>trahentium</span> <span class='ocrx_word' id='word_1_720' title='bbox 1242 3025 1548 3072; x_wconf 70' lang='lat' dir='ltr'>consuleresolentAEst</span> <span class='ocrx_word' id='word_1_721' title='bbox 1556 3031 1628 3063; x_wconf 69' lang='lat' dir='ltr'>aute</span> <span class='ocrx_word' id='word_1_722' title='bbox 1630 3027 1654 3070; x_wconf 85' lang='lat' dir='ltr'><em>fi</em></span> <span class='ocrx_word' id='word_1_723' title='bbox 1656 3026 1727 3063; x_wconf 87' lang='lat' dir='ltr'>bula</span> <span class='ocrx_word' id='word_1_724' title='bbox 1736 3027 1873 3079; x_wconf 81' lang='lat' dir='ltr'>circulus.</span> 
     </span>
    </p>
   </div>
   <div class='ocr_carea' id='block_1_15' title="bbox 147 2589 1874 3025">
    <p class='ocr_par' dir='ltr' id='par_1_16' title="bbox 147 2589 1874 3025">
     <span class='ocr_line' id='line_1_55' title="bbox 148 2589 1874 2639; baseline 0.001 -15"><span class='ocrx_word' id='word_1_725' title='bbox 148 2593 197 2628; x_wconf 89' lang='lat' dir='ltr'>do,</span> <span class='ocrx_word' id='word_1_726' title='bbox 206 2593 275 2638; x_wconf 85' lang='lat' dir='ltr'>quin</span> <span class='ocrx_word' id='word_1_727' title='bbox 283 2592 376 2624; x_wconf 87' lang='lat' dir='ltr'>omnis</span> <span class='ocrx_word' id='word_1_728' title='bbox 385 2592 480 2624; x_wconf 83' lang='lat' dir='ltr'>oneris</span> <span class='ocrx_word' id='word_1_729' title='bbox 490 2592 534 2624; x_wconf 88' lang='lat' dir='ltr'>uis</span> <span class='ocrx_word' id='word_1_730' title='bbox 536 2589 601 2632; x_wconf 69' lang='lat' dir='ltr'>[blo</span> <span class='ocrx_word' id='word_1_731' title='bbox 609 2591 658 2624; x_wconf 77' lang='lat' dir='ltr'>ilio</span> <span class='ocrx_word' id='word_1_732' title='bbox 658 2589 924 2637; x_wconf 66' lang='lat' dir='ltr'>sustineatumquod</span> <span class='ocrx_word' id='word_1_733' title='bbox 925 2590 953 2634; x_wconf 88' lang='lat' dir='ltr'><em>fi</em></span> <span class='ocrx_word' id='word_1_734' title='bbox 961 2591 1073 2639; x_wconf 79' lang='lat' dir='ltr'>duplex</span> <span class='ocrx_word' id='word_1_735' title='bbox 1073 2592 1227 2635; x_wconf 80' lang='lat' dir='ltr'>funiculus</span> <span class='ocrx_word' id='word_1_736' title='bbox 1235 2592 1390 2637; x_wconf 84' lang='lat' dir='ltr'>efficiatur,</span> <span class='ocrx_word' id='word_1_737' title='bbox 1403 2598 1444 2631; x_wconf 54' lang='grc' dir='ltr'>ά*</span> <span class='ocrx_word' id='word_1_738' title='bbox 1451 2594 1480 2625; x_wconf 87' lang='lat' dir='ltr'>in</span> <span class='ocrx_word' id='word_1_739' title='bbox 1487 2592 1652 2627; x_wconf 84' lang='lat' dir='ltr'>trochleam</span> <span class='ocrx_word' id='word_1_740' title='bbox 1661 2593 1792 2629; x_wconf 87' lang='lat' dir='ltr'>indatur,</span> <span class='ocrx_word' id='word_1_741' title='bbox 1801 2604 1874 2626; x_wconf 82' lang='lat' dir='ltr'>onus</span> 
     </span>
     <span class='ocr_line' id='line_1_56' title="bbox 148 2637 1873 2687; baseline 0.001 -14"><span class='ocrx_word' id='word_1_742' title='bbox 148 2641 299 2687; x_wconf 84' lang='lat' dir='ltr'>partietur</span> <span class='ocrx_word' id='word_1_743' title='bbox 311 2651 348 2673; x_wconf 89' lang='lat' dir='ltr'>ac</span> <span class='ocrx_word' id='word_1_744' title='bbox 356 2640 513 2677; x_wconf 85' lang='lat' dir='ltr'>diuidetur‚</span> <span class='ocrx_word' id='word_1_745' title='bbox 522 2640 566 2672; x_wconf 87' lang='lat' dir='ltr'>ita</span> <span class='ocrx_word' id='word_1_746' title='bbox 573 2647 607 2673; x_wconf 91' lang='lat' dir='ltr'>ut</span> <span class='ocrx_word' id='word_1_747' title='bbox 615 2640 710 2672; x_wconf 88' lang='lat' dir='ltr'>minus</span> <span class='ocrx_word' id='word_1_748' title='bbox 718 2637 836 2673; x_wconf 87' lang='lat' dir='ltr'>laboret</span> <span class='ocrx_word' id='word_1_749' title='bbox 838 2639 1001 2682; x_wconf 81' lang='lat' dir='ltr'>funiculus,</span> <span class='ocrx_word' id='word_1_750' title='bbox 1012 2646 1052 2680; x_wconf 54' lang='grc' dir='ltr'>θ’</span> <span class='ocrx_word' id='word_1_751' title='bbox 1059 2642 1097 2678; x_wconf 90' lang='lat' dir='ltr'>is,</span> <span class='ocrx_word' id='word_1_752' title='bbox 1102 2642 1153 2687; x_wconf 87' lang='lat' dir='ltr'>qui</span> <span class='ocrx_word' id='word_1_753' title='bbox 1153 2640 1321 2684; x_wconf 79' lang='lat' dir='ltr'>funiculum</span> <span class='ocrx_word' id='word_1_754' title='bbox 1329 2651 1396 2674; x_wconf 87' lang='lat' dir='ltr'>cum</span> <span class='ocrx_word' id='word_1_755' title='bbox 1406 2652 1492 2675; x_wconf 91' lang='lat' dir='ltr'>onere</span> <span class='ocrx_word' id='word_1_756' title='bbox 1501 2640 1603 2674; x_wconf 88' lang='lat' dir='ltr'>trahet</span> <span class='ocrx_word' id='word_1_757' title='bbox 1611 2663 1621 2678; x_wconf 93' lang='lat'>,</span> <span class='ocrx_word' id='word_1_758' title='bbox 1630 2640 1749 2682; x_wconf 62' lang='lat' dir='ltr'>fictitius</span> <span class='ocrx_word' id='word_1_759' title='bbox 1758 2641 1873 2678; x_wconf 85' lang='lat' dir='ltr'>trahet,</span> 
     </span>
     <span class='ocr_line' id='line_1_57' title="bbox 150 2686 1871 2736; baseline 0.001 -15"><span class='ocrx_word' id='word_1_760' title='bbox 150 2699 239 2736; x_wconf 87' lang='lat' dir='ltr'>quam</span> <span class='ocrx_word' id='word_1_761' title='bbox 242 2686 371 2734; x_wconf 85' lang='lat' dir='ltr'>simplici</span> <span class='ocrx_word' id='word_1_762' title='bbox 373 2687 509 2731; x_wconf 83' lang='lat' dir='ltr'>fimiculo</span> <span class='ocrx_word' id='word_1_763' title='bbox 519 2711 528 2721; x_wconf 93' lang='lat'><strong>.</strong></span> <span class='ocrx_word' id='word_1_764' title='bbox 554 2688 634 2733; x_wconf 83' lang='lat' dir='ltr'>Qid</span> <span class='ocrx_word' id='word_1_765' title='bbox 643 2698 712 2732; x_wconf 88' lang='lat' dir='ltr'>ergo</span> <span class='ocrx_word' id='word_1_766' title='bbox 720 2688 895 2722; x_wconf 86' lang='lat' dir='ltr'>credendum</span> <span class='ocrx_word' id='word_1_767' title='bbox 902 2686 971 2731; x_wconf 78' lang='lat' dir='ltr'>eslsi</span> <span class='ocrx_word' id='word_1_768' title='bbox 976 2688 1077 2734; x_wconf 87' lang='lat' dir='ltr'>plures</span> <span class='ocrx_word' id='word_1_769' title='bbox 1085 2688 1223 2723; x_wconf 80' lang='lat' dir='ltr'>trochleae</span> <span class='ocrx_word' id='word_1_770' title='bbox 1232 2690 1277 2728; x_wconf 47' lang='grc' dir='ltr'>θ’</span> <span class='ocrx_word' id='word_1_771' title='bbox 1283 2687 1408 2722; x_wconf 88' lang='lat' dir='ltr'>orbiculi</span> <span class='ocrx_word' id='word_1_772' title='bbox 1416 2688 1602 2735; x_wconf 84' lang='lat' dir='ltr'>applicentur</span> <span class='ocrx_word' id='word_1_773' title='bbox 1612 2689 1730 2723; x_wconf 77' lang='lat' dir='ltr'>?nouue</span> <span class='ocrx_word' id='word_1_774' title='bbox 1738 2691 1767 2722; x_wconf 89' lang='lat' dir='ltr'>in</span> <span class='ocrx_word' id='word_1_775' title='bbox 1775 2691 1871 2723; x_wconf 74' lang='lat' dir='ltr'>mino-</span> 
     </span>
     <span class='ocr_line' id='line_1_58' title="bbox 148 2734 1872 2783; baseline 0.001 -13"><span class='ocrx_word' id='word_1_776' title='bbox 148 2749 196 2771; x_wconf 87' lang='lat' dir='ltr'>res</span> <span class='ocrx_word' id='word_1_777' title='bbox 200 2744 305 2783; x_wconf 84' lang='lat' dir='ltr'>partes</span> <span class='ocrx_word' id='word_1_778' title='bbox 305 2735 422 2781; x_wconf 73' lang='lat' dir='ltr'>semper</span> <span class='ocrx_word' id='word_1_779' title='bbox 438 2748 510 2770; x_wconf 90' lang='lat' dir='ltr'>onus</span> <span class='ocrx_word' id='word_1_780' title='bbox 521 2734 709 2778; x_wconf 78' lang='lat' dir='ltr'>distribuetur</span> <span class='ocrx_word' id='word_1_781' title='bbox 718 2735 735 2769; x_wconf 65' lang='grc' dir='ltr'>,ἓ</span> <span class='ocrx_word' id='word_1_782' title='bbox 745 2741 785 2774; x_wconf 73' lang='lat'>&amp;¹</span> <span class='ocrx_word' id='word_1_783' title='bbox 800 2736 879 2769; x_wconf 89' lang='lat' dir='ltr'>nullo</span> <span class='ocrx_word' id='word_1_784' title='bbox 892 2736 958 2779; x_wconf 81' lang='lat' dir='ltr'>fere</span> <span class='ocrx_word' id='word_1_785' title='bbox 976 2738 1093 2782; x_wconf 78' lang='lat' dir='ltr'>negotio</span> <span class='ocrx_word' id='word_1_786' title='bbox 1105 2737 1242 2771; x_wconf 81' lang='lat' dir='ltr'>trahetur</span> <span class='ocrx_word' id='word_1_787' title='bbox 1250 2737 1266 2770; x_wconf 71' lang='grc' dir='ltr'><em>ξ</em></span> <span class='ocrx_word' id='word_1_788' title='bbox 1281 2747 1362 2770; x_wconf 87' lang='lat' dir='ltr'>certe</span> <span class='ocrx_word' id='word_1_789' title='bbox 1375 2735 1432 2771; x_wconf 88' lang='lat' dir='ltr'>hoc</span> <span class='ocrx_word' id='word_1_790' title='bbox 1447 2738 1690 2781; x_wconf 59' lang='lat' dir='ltr'>euidentissimum</span> <span class='ocrx_word' id='word_1_791' title='bbox 1699 2736 1737 2779; x_wconf 76' lang='lat' dir='ltr'>esl</span> <span class='ocrx_word' id='word_1_792' title='bbox 1746 2759 1756 2774; x_wconf 93' lang='lat'>,</span> <span class='ocrx_word' id='word_1_793' title='bbox 1766 2738 1840 2771; x_wconf 88' lang='lat' dir='ltr'>unde</span> <span class='ocrx_word' id='word_1_794' title='bbox 1843 2736 1872 2781; x_wconf 75' lang='lat' dir='ltr'>si</span> 
     </span>
     <span class='ocr_line' id='line_1_59' title="bbox 151 2783 1871 2832; baseline 0 -13"><span class='ocrx_word' id='word_1_795' title='bbox 151 2784 313 2831; x_wconf 79' lang='lat' dir='ltr'>duplicatio</span> <span class='ocrx_word' id='word_1_796' title='bbox 323 2784 472 2818; x_wconf 85' lang='lat' dir='ltr'>dimidium</span> <span class='ocrx_word' id='word_1_797' title='bbox 481 2783 593 2818; x_wconf 88' lang='lat' dir='ltr'>laboris</span> <span class='ocrx_word' id='word_1_798' title='bbox 602 2786 751 2818; x_wconf 86' lang='lat' dir='ltr'>imminuet</span> <span class='ocrx_word' id='word_1_799' title='bbox 759 2805 769 2820; x_wconf 78' lang='grc'><em>,</em></span> <span class='ocrx_word' id='word_1_800' title='bbox 779 2785 849 2829; x_wconf 82' lang='lat' dir='ltr'>quid</span> <span class='ocrx_word' id='word_1_801' title='bbox 869 2793 939 2829; x_wconf 85' lang='lat' dir='ltr'>aget</span> <span class='ocrx_word' id='word_1_802' title='bbox 946 2786 1098 2819; x_wconf 82' lang='lat' dir='ltr'>radiorum</span> <span class='ocrx_word' id='word_1_803' title='bbox 1106 2785 1172 2828; x_wconf 88' lang='lat' dir='ltr'>‚seu</span> <span class='ocrx_word' id='word_1_804' title='bbox 1183 2784 1236 2818; x_wconf 90' lang='lat' dir='ltr'>orb</span> <span class='ocrx_word' id='word_1_805' title='bbox 1249 2784 1383 2818; x_wconf 78' lang='lat' dir='ltr'>culorum</span> <span class='ocrx_word' id='word_1_806' title='bbox 1392 2783 1522 2832; x_wconf 67' lang='lat' dir='ltr'>,funistj5</span> <span class='ocrx_word' id='word_1_807' title='bbox 1542 2784 1712 2832; x_wconf 85' lang='lat' dir='ltr'>duplicata,</span> <span class='ocrx_word' id='word_1_808' title='bbox 1722 2785 1771 2819; x_wconf 90' lang='lat' dir='ltr'>uel</span> <span class='ocrx_word' id='word_1_809' title='bbox 1778 2787 1871 2819; x_wconf 86' lang='lat' dir='ltr'>etiam</span> 
     </span>
     <span class='ocr_line' id='line_1_60' title="bbox 147 2831 1872 2879; baseline 0.001 -12"><span class='ocrx_word' id='word_1_810' title='bbox 147 2833 300 2879; x_wconf 83' lang='lat' dir='ltr'>triplicata</span> <span class='ocrx_word' id='word_1_811' title='bbox 308 2833 431 2866; x_wconf 70' lang='lat' dir='ltr'>adiectio</span> <span class='ocrx_word' id='word_1_812' title='bbox 439 2833 456 2866; x_wconf 64' lang='grc' dir='ltr'>,θ</span> <span class='ocrx_word' id='word_1_813' title='bbox 463 2839 577 2868; x_wconf 88' lang='lat' dir='ltr'>Verum</span> <span class='ocrx_word' id='word_1_814' title='bbox 584 2832 636 2876; x_wconf 74' lang='lat' dir='ltr'>nist</span> <span class='ocrx_word' id='word_1_815' title='bbox 644 2831 712 2876; x_wconf 69' lang='lat' dir='ltr'>efflet</span> <span class='ocrx_word' id='word_1_816' title='bbox 713 2831 916 2876; x_wconf 82' lang='lat' dir='ltr'>funiculorum</span> <span class='ocrx_word' id='word_1_817' title='bbox 924 2844 996 2867; x_wconf 86' lang='lat' dir='ltr'>onus</span> <span class='ocrx_word' id='word_1_818' title='bbox 1005 2855 1016 2871; x_wconf 91' lang='lat'>,</span> <span class='ocrx_word' id='word_1_819' title='bbox 1027 2835 1178 2868; x_wconf 89' lang='lat' dir='ltr'>radiorum</span> <span class='ocrx_word' id='word_1_820' title='bbox 1188 2834 1330 2879; x_wconf 75' lang='lat' dir='ltr'>asperitas·</span> <span class='ocrx_word' id='word_1_821' title='bbox 1338 2855 1347 2870; x_wconf 83' lang='lat'>‚</span> <span class='ocrx_word' id='word_1_822' title='bbox 1357 2835 1493 2867; x_wconf 87' lang='lat' dir='ltr'>motionis</span> <span class='ocrx_word' id='word_1_823' title='bbox 1502 2832 1540 2867; x_wconf 90' lang='lat' dir='ltr'>ob</span> <span class='ocrx_word' id='word_1_824' title='bbox 1558 2832 1734 2879; x_wconf 87' lang='lat' dir='ltr'>multiplices</span> <span class='ocrx_word' id='word_1_825' title='bbox 1754 2833 1872 2868; x_wconf 83' lang='lat' dir='ltr'>inuolu-</span> 
     </span>
     <span class='ocr_line' id='line_1_61' title="bbox 148 2880 1871 2928; baseline 0.001 -13"><span class='ocrx_word' id='word_1_826' title='bbox 148 2883 244 2916; x_wconf 87' lang='lat' dir='ltr'>tiones</span> <span class='ocrx_word' id='word_1_827' title='bbox 252 2882 389 2917; x_wconf 81' lang='lat' dir='ltr'>tarditas,</span> <span class='ocrx_word' id='word_1_828' title='bbox 399 2881 522 2926; x_wconf 77' lang='lat' dir='ltr'>quisunt</span> <span class='ocrx_word' id='word_1_829' title='bbox 530 2883 670 2918; x_wconf 74' lang='lat' dir='ltr'>materia,</span> <span class='ocrx_word' id='word_1_830' title='bbox 681 2892 738 2914; x_wconf 89' lang='lat' dir='ltr'>non</span> <span class='ocrx_word' id='word_1_831' title='bbox 742 2881 846 2923; x_wconf 73' lang='lat' dir='ltr'>forma</span> <span class='ocrx_word' id='word_1_832' title='bbox 854 2881 982 2925; x_wconf 61' lang='lat' dir='ltr'>defefflus</span> <span class='ocrx_word' id='word_1_833' title='bbox 991 2903 1002 2919; x_wconf 90' lang='lat'>‚</span> <span class='ocrx_word' id='word_1_834' title='bbox 1013 2891 1093 2916; x_wconf 87' lang='lat' dir='ltr'>certe</span> <span class='ocrx_word' id='word_1_835' title='bbox 1098 2881 1241 2928; x_wconf 88' lang='lat' dir='ltr'>puerulus</span> <span class='ocrx_word' id='word_1_836' title='bbox 1250 2883 1379 2926; x_wconf 83' lang='lat' dir='ltr'>ingentia</span> <span class='ocrx_word' id='word_1_837' title='bbox 1396 2893 1484 2916; x_wconf 87' lang='lat' dir='ltr'>onera</span> <span class='ocrx_word' id='word_1_838' title='bbox 1487 2880 1660 2924; x_wconf 74' lang='lat' dir='ltr'>fiibleuaret</span> <span class='ocrx_word' id='word_1_839' title='bbox 1670 2907 1680 2916; x_wconf 90' lang='lat'><strong><em>.</em></strong></span> <span class='ocrx_word' id='word_1_840' title='bbox 1707 2888 1820 2918; x_wconf 85' lang='lat' dir='ltr'>Verum</span> <span class='ocrx_word' id='word_1_841' title='bbox 1829 2888 1871 2921; x_wconf 66' lang='grc' dir='ltr'>(φ</span> 
     </span>
     <span class='ocr_line' id='line_1_62' title="bbox 148 2928 1869 2977; baseline 0.001 -15"><span class='ocrx_word' id='word_1_842' title='bbox 148 2931 184 2975; x_wconf 78' lang='lat' dir='ltr'>ijs</span> <span class='ocrx_word' id='word_1_843' title='bbox 192 2929 312 2976; x_wconf 83' lang='lat' dir='ltr'>aliquod</span> <span class='ocrx_word' id='word_1_844' title='bbox 320 2931 479 2962; x_wconf 85' lang='lat' dir='ltr'>remedium</span> <span class='ocrx_word' id='word_1_845' title='bbox 486 2928 638 2967; x_wconf 85' lang='lat' dir='ltr'>adhibent,</span> <span class='ocrx_word' id='word_1_846' title='bbox 650 2941 718 2963; x_wconf 87' lang='lat' dir='ltr'>nam</span> <span class='ocrx_word' id='word_1_847' title='bbox 721 2928 829 2974; x_wconf 74' lang='lat' dir='ltr'>sapone</span> <span class='ocrx_word' id='word_1_848' title='bbox 831 2928 931 2972; x_wconf 78' lang='lat' dir='ltr'>funes,</span> <span class='ocrx_word' id='word_1_849' title='bbox 941 2934 982 2968; x_wconf 67' lang='grc' dir='ltr'>(φ</span> <span class='ocrx_word' id='word_1_850' title='bbox 990 2928 1108 2964; x_wconf 84' lang='lat' dir='ltr'>canales</span> <span class='ocrx_word' id='word_1_851' title='bbox 1117 2929 1316 2964; x_wconf 86' lang='lat' dir='ltr'>orbiculorum</span> <span class='ocrx_word' id='word_1_852' title='bbox 1324 2931 1477 2975; x_wconf 83' lang='lat' dir='ltr'>inungunt.</span> <span class='ocrx_word' id='word_1_853' title='bbox 1488 2942 1577 2977; x_wconf 87' lang='lat' dir='ltr'>quam</span> <span class='ocrx_word' id='word_1_854' title='bbox 1585 2931 1739 2974; x_wconf 62' lang='lat' dir='ltr'>reiiissime</span> <span class='ocrx_word' id='word_1_855' title='bbox 1748 2934 1777 2965; x_wconf 88' lang='lat' dir='ltr'>in</span> <span class='ocrx_word' id='word_1_856' title='bbox 1787 2930 1869 2965; x_wconf 88' lang='lat' dir='ltr'>orbi-</span> 
     </span>
     <span class='ocr_line' id='line_1_63' title="bbox 150 2976 1872 3025; baseline 0 -13"><span class='ocrx_word' id='word_1_857' title='bbox 150 2978 233 3012; x_wconf 89' lang='lat' dir='ltr'>culos</span> <span class='ocrx_word' id='word_1_858' title='bbox 240 2989 315 3012; x_wconf 83' lang='lat' dir='ltr'>axes</span> <span class='ocrx_word' id='word_1_859' title='bbox 322 2979 474 3024; x_wconf 82' lang='lat' dir='ltr'>imponunt</span> <span class='ocrx_word' id='word_1_860' title='bbox 482 2978 633 3012; x_wconf 74' lang='lat' dir='ltr'>duHarios</span> <span class='ocrx_word' id='word_1_861' title='bbox 634 2980 724 3022; x_wconf 86' lang='lat' dir='ltr'>funes</span> <span class='ocrx_word' id='word_1_862' title='bbox 731 2976 839 3024; x_wconf 85' lang='lat' dir='ltr'>absque</span> <span class='ocrx_word' id='word_1_863' title='bbox 847 2978 1034 3025; x_wconf 87' lang='lat' dir='ltr'>impeditione</span> <span class='ocrx_word' id='word_1_864' title='bbox 1042 2987 1206 3013; x_wconf 79' lang='lat' dir='ltr'>contexunt</span> <span class='ocrx_word' id='word_1_865' title='bbox 1216 3002 1224 3012; x_wconf 90' lang='lat'><strong><em>.</em></strong></span> <span class='ocrx_word' id='word_1_866' title='bbox 1233 2977 1372 3011; x_wconf 85' lang='lat' dir='ltr'>axiculos</span> <span class='ocrx_word' id='word_1_867' title='bbox 1380 2977 1453 3019; x_wconf 75' lang='lat' dir='ltr'>iusta</span> <span class='ocrx_word' id='word_1_868' title='bbox 1460 2981 1574 3013; x_wconf 85' lang='lat' dir='ltr'>ratione</span> <span class='ocrx_word' id='word_1_869' title='bbox 1581 2980 1620 3014; x_wconf 88' lang='lat' dir='ltr'>ad</span> <span class='ocrx_word' id='word_1_870' title='bbox 1629 2979 1778 3014; x_wconf 86' lang='lat' dir='ltr'>orbiculos</span> <span class='ocrx_word' id='word_1_871' title='bbox 1786 2990 1872 3013; x_wconf 48' lang='lat' dir='ltr'>com*</span> 
     </span>
    </p>
   </div>
   <div class='ocr_carea' id='block_1_16' title="bbox 1827 3074 1876 3110">
    <p class='ocr_par' dir='ltr' id='par_1_17' title="bbox 1827 3074 1876 3110">
     <span class='ocr_line' id='line_1_64' title="bbox 1827 3074 1876 3110; baseline -0.02 0"><span class='ocrx_word' id='word_1_872' title='bbox 1827 3074 1876 3110; x_wconf 84' lang='lat' dir='ltr'>uel</span> 
     </span>
    </p>
   </div>
  </div>
 </body>
</html>
