2241 3318
329 76 393 111 ¹3²
937 78 962 102 .·
1059 67 1381 107 LIBER

326 139 550 174 contrahatur
560 139 712 173 columna
722 137 813 173 itam
823 137 856 171 in
867 136 966 172 tertio
975 136 1061 173 libro
1081 137 1121 173 dc
1136 138 1258 173 Ionicis
1268 136 1312 171 cst
1324 136 1485 183 scriptum.

335 224 338 227 Δ
376 195 424 224 Ex
425 190 443 232 J
444 190 538 235 eptem
551 188 702 221 diametris
711 187 828 221 conflat
836 186 964 221 altitudo
973 187 1176 222 columnarum
1186 209 1196 224 ,
1213 199 1306 234 quare
1315 198 1382 220 cum
1390 188 1547 230 crassitndo
1558 185 1600 230 fit
1608 188 1732 220 duorum
1740 186 1964 230 modulorunnfi
1972 188 2073 223 nititur

325 236 542 280 ut'altitudofit
551 236 776 283 quatuordecim
793 247 860 270 cum
876 248 911 270 ca
933 235 1008 270 itulo
1018 261 1028 271 .
1059 236 1228 283 Capitulum
1237 245 1300 270 tam
1309 235 1406 270 altum
1415 234 1462 277 est,
1473 237 1563 283 quam
1579 237 1727 270 dimidium
1736 239 1787 270 imi
1789 237 1872 279 scapi
1881 260 1889 274 ‚
1899 240 1928 270 1d
1937 230 2073 277 inmune

326 286 448 321 moduli.
458 287 514 319 Sed
521 284 649 318 latitudo
659 283 783 330 capituli
792 293 878 318 tanta
887 286 914 325 e]
925 294 1051 331 ,quanta
1061 287 1120 318 ima
1129 283 1269 318 columnae
1285 283 1451 329 craffimdo,
1461 285 1534 319 ides‘t
1543 279 1670 318 duoruni
1691 285 1886 323 modulorum,
1897 291 1938 324 (έν
1947 286 2074 332 amplius

326 334 438 371 moduli
440 333 534 376 sextae
543 335 640 379 partis
650 357 658 367 .
693 334 751 367 Sed
761 342 841 367 certe
845 342 920 380 puto
931 338 963 369 V
962 335 1012 368 itr.
1023 333 1112 368 aliter
1120 332 1232 376 ctu-iffi».
1243 332 1317 366 nihil
1333 333 1655 380 enimfireproiet‘itirae
1666 332 1810 367 haberent
1817 334 1941 380 capituli
1957 344 2073 380 partes,

319 384 349 430 fi
354 383 472 426 sextam
481 391 601 429 partem
611 381 651 414 illi
659 382 780 415 adderet
790 406 799 415 .
818 381 1013 425 obseruatum
1022 385 1098 416 enim
1109 380 1145 423 est
1156 384 1288 428 quintam
1297 384 1434 428 utrinque
1438 390 1556 428 partem
1564 383 1618 415 uix
1621 380 1797 425 fittisfficere
1805 403 1815 418 ‚
1826 394 1918 428 quare
1926 382 1978 415 vel
1986 385 2073 419 auin-

326 443 401 469 tam,
418 430 466 464 uel
474 429 602 477 amplius
611 431 773 464 addendam
779 439 854 476 puto
863 455 872 464 .
884 436 1026 465 exterum
1035 430 1156 478 capituli
1166 429 1320 474 craffitudo
1332 432 1362 464 in
1371 439 1432 464 tres
1437 439 1540 477 partes
1550 432 1713 464 diuidenda.
1728 435 1848 464 Summa
1857 432 1947 464 datur
1952 431 2071 477 plintho

325 492 393 516 cum
413 481 543 527 cymatio
554 501 564 516 ,
585 478 716 523 secunda
733 478 834 513 echino
845 491 913 513 cum
929 478 1026 513 trihus
1041 477 1161 512 annulis
1172 501 1182 516 ,
1191 481 1280 513 tertia
1297 480 1336 512 ad
1351 478 1616 526 hypotrachelinm*
1626 481 1744 514 ducitur
1761 504 1770 512 .
1804 478 1950 523 Craffiudo
1966 479 2074 525 plinthi

328 540 397 564 cum
405 530 535 575 cymatio
549 550 560 566 ,
569 527 626 562 hoc
636 525 674 569 est
683 529 771 561 tertia
773 537 847 574 pars
855 527 1021 561 altitudinis
1030 527 1155 574 capituli
1162 530 1191 561 in
1195 536 1301 575 partes
1309 529 1437 574 quinque
1444 528 1584 561 diuiditur
1593 549 1602 565 ‚
1613 540 1628 561 e
1637 526 1745 575 quibus
1754 537 1816 562 tres
1825 528 1934 561 dantur
1940 527 2071 574 plintho,

322 580 384 613 dux
391 579 520 626 cymatio
531 601 540 609 .
566 583 638 611 Duae
645 577 806 610 autemillae
822 578 852 610 in
870 585 932 610 tres
935 578 1110 624 partiuntur
1122 581 1200 612 ,duae
1218 579 1358 622 cymatio,
1369 587 1427 611 una
1440 576 1665 623 daturquadrae,
1679 576 1727 609 uel
1735 575 1826 622 plano
1843 577 1919 610 illius
1930 600 1940 610 .
1970 575 2068 623 Echy-

324 639 400 664 nus,
411 625 560 666 &annuli
568 627 760 662 tres‚tertiam
769 636 885 672 quoque
893 634 1011 671 partem
1022 635 1126 671 parem
1133 623 1245 659 habent
1252 624 1420 658 altitudinis
1428 623 1553 671 capituli
1564 649 1572 658 .
1581 624 1640 659 haec
1648 626 1737 658 tertia
1752 634 1826 671 pars
1849 626 2002 671 tripartita
2015 624 2070 668 fit,

324 677 386 710 dux
395 675 498 709 echino
507 683 610 721 partes
619 675 728 708 dantur
739 699 748 708 .
760 675 850 708 tertia
861 671 958 707 tribus
965 672 1082 707 annulis
1089 672 1239 720 aqualiter
1247 671 1491 716 distribuitur,qui
1501 674 1652 706 dimidium
1663 673 1830 707 altitudinis
1845 684 1946 706 eorum
1953 676 2068 719 promi-

324 732 407 758 nent.
417 726 462 758 uti
470 735 544 757 vero
553 722 678 757 echinus
686 723 876 766 deformetur,
884 720 1032 767 superiori
1039 721 1148 756 annulo
1160 731 1294 756 extremo
1316 731 1372 768 pes
1379 723 1481 755 circini
1488 723 1648 768 imponitur
1659 747 1667 755 .
1677 722 1826 755 diducitur
1846 729 1948 754 autem
1962 731 2017 767 pes
2023 720 2073 755 al-

324 781 374 808 ter
381 774 420 806 ad
428 771 614 806 altitudinem
625 770 737 809 echini,
757 776 797 810 ά-
805 772 878 817 pede
891 768 981 812 firmo
989 770 1059 804 illud
1061 771 1188 817 spatium
1197 773 1226 804 in
1235 772 1403 804 interiorem
1407 778 1528 816 partem
1537 770 1735 813 transfertur,
1747 776 1788 809 (φ
1806 769 1994 816 aliquantum
2011 772 2071 804 cir-

324 823 483 856 cinationis
492 822 621 855 ducitur.
639 820 741 854 deinde
749 820 850 853 eadem
868 818 1032 853 didul‘t'ione
1037 819 1160 862 seruata
1168 841 1178 857 ,
1184 829 1240 866 pes
1265 830 1341 853 unus
1359 820 1464 853 circini
1465 816 1652 865 fiib‚plintho
1669 819 1830 853 collocatur
1839 841 1848 856 ‚
1857 817 1935 852 alter
1942 830 2013 852 uero
2033 819 2074 852 ad

325 880 392 904 eam
405 871 627 904 circinationem
643 869 817 907 ductuum&
825 879 884 916 quo
899 866 965 901 loco
975 867 1132 913 decussatio
1137 867 1188 910 fit,
1199 866 1241 902 ibi
1249 876 1383 902 centrum
1388 869 1522 914 ponitur,
1531 865 1584 900 ubi
1591 866 1725 901 echinum
1727 868 1863 911 formare
1874 866 2025 913 oportebit
2035 892 2044 901 .

325 919 430 953 Tertia
440 929 512 951 uero
531 916 697 950 altitudinis
708 915 848 951 columnae
856 927 922 951 cum
928 914 987 959 suo
992 916 1079 962 flexu
1089 917 1214 951 molliter
1222 916 1308 951 dublo
1320 914 1377 959 sub
1387 914 1504 950 annulis
1511 916 1550 949 ad
1559 914 1816 962 hypotrachelium
1824 937 1834 952 ‚
1845 916 1922 959 qnod
1931 916 2073 950 collarini'c'

325 975 451 1004 uocant,
462 965 616 1008 descendit,
629 971 669 1005 &⁴
684 965 876 1000 contractum
880 965 989 1008 fiimmi
991 965 1077 1013 scapi
1087 965 1246 1011 respondet.
1257 963 1515 1012 hypotrachelium
1526 975 1597 997 uero
1607 972 1670 998 tam
1677 963 1874 1010 altitnuqutbn
1885 964 1987 998 annuli
1995 973 2070 1001 tres,

324 1020 368 1054 Θ*
377 1016 527 1049 dimidium
536 1015 621 1048 unius
629 1039 639 1048 .
665 1016 822 1049 ‘Prominet
830 1022 930 1048 autem
939 1022 1067 1052 tantum,
1079 1023 1222 1062 quantum
1230 1013 1350 1048 echinus
1360 1036 1371 1051 ‚
1380 1015 1423 1047 ita
1433 1012 1498 1056 utfi
1507 1012 1587 1046 lineae
1597 1025 1616 1046 a
1627 1013 1796 1059 proiet‘i‘ura
1809 1012 1904 1046 echini
1913 1014 2072 1048 demittan-

323 1071 389 1103 tur,
397 1073 566 1097 extremum
575 1071 702 1109 tangant
709 1061 976 1109 hypotrachelium,
988 1066 1073 1097 cuius
1081 1063 1196 1110 quadra
1206 1063 1250 1096 eft
1259 1073 1298 1096 ex
1305 1063 1424 1096 dimidio
1443 1060 1680 1108 hypotrachelio.
1692 1060 1838 1107 apothesis
1847 1069 1950 1094 autem
1971 1063 2072 1095 eodem

324 1114 413 1147 modo
419 1111 470 1154 fit,
482 1124 542 1159 quo
552 1113 662 1146 ditium
675 1110 806 1159 eflfiipra
819 1137 828 1145 .
840 1110 958 1158 Infiiper
968 1111 1100 1159 capitula
1111 1109 1299 1158 imponebant
1308 1115 1422 1158 antiqui
1431 1110 1623 1144 adieft'ionem
1642 1111 1790 1155 quandam
1801 1132 1810 1146 ‚
1821 1120 1882 1156 qua:
1890 1109 1982 1156 fiipra
1992 1109 2072 1157 plin-

323 1161 413 1196 thum
421 1159 618 1195 recumbebat
626 1182 636 1198 ,
646 1159 741 1203 solido
752 1160 890 1195 columna
897 1161 1078 1206 respondens,
1089 1162 1117 1194 in
1129 1172 1188 1206 qua
1199 1157 1284 1194 trabs
1293 1160 1444 1193 commode
1452 1158 1612 1201 confideret
1627 1180 1637 1195 ‚
1648 1165 1689 1198 <⁷9-
1696 1159 1885 1205 proieliurtos
1900 1158 2073 1201 inferiorum

320 1211 456 1258 partium
464 1217 610 1246 tueretur,
621 1220 688 1243 cum
697 1208 766 1253 effl’t
775 1208 815 1243 ab
826 1220 913 1243 onere
914 1208 1086 1252 fiibleuata.
1097 1207 1250 1255 descriptio
1258 1216 1360 1242 autem
1368 1208 1452 1250 huius
1454 1209 1531 1240 modi
1538 1205 1576 1247 est
1585 1232 1594 1240 .
1648 1206 1809 1251 Craffitudo
1828 1208 1879 1240 imi
1887 1205 1971 1253 scapi
1995 1219 2014 1240 a
2039 1205 2071 1241 b.

324 1257 497 1304 Capitulum
521 1270 540 1291 a
566 1271 594 1292 c.
622 1261 781 1304 cymatium
807 1271 824 1292 c
848 1259 878 1291 d.
900 1258 1035 1304 plinthus
1061 1259 1080 1291 d
1103 1269 1129 1291 e.
1166 1256 1287 1291 echinus
1306 1268 1342 1302 g.
1367 1265 1500 1292 centrum
1511 1256 1732 1298 deformationis
1748 1254 1843 1289 echini
1855 1253 1906 1288 ubi
1913 1255 2072 1299 decuffiztio

327 1318 347 1342 e
371 1306 404 1340 h.
425 1307 556 1353 spatium
564 1306 731 1340 altitudinis
739 1306 844 1342 echini.
853 1304 894 1340 ab
922 1307 954 1344 h,
980 1316 1080 1341 autem
1089 1307 1129 1340 ad
1146 1318 1181 1352 g,
1203 1304 1244 1347 fit
1251 1308 1338 1352 prior
1345 1306 1544 1340 circinationis
1552 1303 1642 1339 linea.
1647 1304 1738 1348 sicuti
1747 1304 1766 1337 a*
1791 1305 1809 1337 d
1814 1329 1822 1337 .
1848 1304 1887 1337 ad
1907 1315 1941 1348 g.
1961 1304 2067 1346 secun-

323 1356 377 1390 da.
404 1367 421 1390 e
439 1355 468 1399 f.
494 1354 608 1389 annuli.
627 1356 654 1399 f
671 1354 701 1390 b.
726 1365 798 1402 pars
807 1356 964 1390 contrafla
987 1357 1010 1390 i.
1035 1353 1304 1404 hypotrachelium.
1331 1354 1354 1388 l.
1380 1353 1508 1402 quadra.
1536 1364 1578 1388 m.
1604 1351 1764 1402 apothefis.
1774 1353 1965 1388 contractura
1970 1351 2010 1394 fit
2021 1364 2072 1386 ea-

322 1405 391 1440 dem
399 1406 525 1441 ratione,
537 1415 596 1452 qua
605 1404 713 1438 dit‘lum
723 1403 760 1446 esl
770 1402 847 1438 libro
857 1407 959 1439 tertio.

335 1478 339 1482 .
375 1454 404 1487 E
414 1464 434 1486 P
447 1465 457 1486 1
473 1464 486 1485 s
498 1464 521 1485 ‘r
533 1463 553 1485 Y
565 1464 584 1485 L
598 1463 609 1485 ι
628 1465 640 1487 1
668 1452 807 1487 altitudo
819 1453 910 1487 unius
923 1452 1048 1487 moduli
1060 1465 1134 1488 cum
1147 1453 1249 1493 taenia,
1259 1456 1291 1488 &
1301 1452 1403 1501 guttis
1415 1477 1423 1487 .
1433 1451 1524 1487 taenia
1538 1450 1665 1487 moduli
1678 1449 1808 1497 septima
1819 1475 1827 1484 .
1838 1451 2073 1497 guttarumlon

324 1501 444 1549 gitudo
457 1499 511 1534 sub
523 1501 614 1535 taenia
625 1511 739 1535 contra
751 1501 930 1548 triglyphos
940 1525 950 1541 ,
959 1503 1021 1536 alta
1032 1515 1106 1536 cum
1118 1503 1224 1551 regula
1237 1513 1325 1548 parte
1345 1500 1429 1536 sexta
1440 1501 1568 1536 moduli
1590 1500 1790 1547 praependcat
1803 1524 1812 1534 .
1837 1502 1918 1533 Item
1940 1499 2072 1545 epistyli,¹

324 1549 466 1585 latitudo
477 1550 540 1583 ima
550 1547 739 1595 respondeat
748 1549 996 1597 hypotrachelio
1006 1548 1136 1586 summ-x
1148 1552 1311 1586 columnae
1322 1576 1331 1585 .
1347 1552 1446 1597 Supra
1458 1549 1640 1597 epistylium
1651 1548 1833 1582 collocandi
1844 1546 1911 1581 sunt
1922 1548 2073 1594 triglyphi

324 1611 401 1634 cum
411 1597 471 1632 suis
481 1599 634 1644 metopis,
643 1598 695 1632 alti
708 1600 812 1638 unius,
823 1602 854 1633 &
865 1598 1022 1634 dimidiati
1034 1599 1171 1638 moduli,
1181 1601 1235 1634 lati
1247 1601 1279 1634 in
1290 1599 1398 1634 fronte
1407 1599 1499 1633 unius
1510 1598 1654 1633 moduli:
1666 1598 1708 1631 ita
1719 1595 1859 1633 diuisum
1871 1597 1902 1629 in
1913 1598 2073 1642 angulari—

323 1647 385 1682 bus
394 1647 566 1685 columnis‚
577 1647 650 1681 &in
660 1647 772 1693 medijs
784 1658 896 1682 contra
905 1659 1056 1682 tetrantes
1066 1649 1190 1683 medios
1200 1647 1260 1682 lint
1270 1649 1437 1687 collocati,
1446 1651 1478 1681 ἅς
1488 1646 1746 1689 intercolumnijs
1758 1645 1887 1691 reliquis
1897 1644 2010 1683 bini‚in
2022 1657 2074 1680 me

323 1696 386 1742 dijs
396 1707 533 1742 pronao,
543 1698 574 1729 δι
584 1694 714 1742 postico
727 1698 808 1730 terni
818 1710 828 1731 .-
839 1702 883 1730 ita
893 1697 1034 1731 relaxatis
1047 1697 1158 1741 mediis
1168 1697 1353 1736 interuallis,
1363 1696 1429 1731 fine
1440 1692 1827 1743 impeditionibu5,aditus
1838 1693 2070 1727 accedentibus

322 1746 385 1779 erit
394 1744 433 1778 ad
444 1745 593 1778 Deorum
603 1744 786 1779 simulachra
795 1769 804 1779 .
825 1745 1083 1793 Triglyphorum
1092 1745 1232 1780 latitudo
1242 1745 1408 1779 diuidatur
1419 1745 1451 1777 in
1461 1755 1564 1790 partes
1574 1741 1673 1780 sex‚ex
1683 1742 1802 1789 quibus
1812 1742 1955 1789 quinque
1966 1753 2070 1787 partes

324 1793 359 1827 in
370 1792 492 1832 medio,
505 1792 575 1827 duae
587 1792 725 1827 dimidiae
736 1793 893 1833 dextra‚ac
903 1794 1023 1829 finistra
1032 1793 1236 1841 designentur
1245 1818 1254 1828 .
1265 1793 1391 1840 Regula
1401 1804 1464 1825 una
1473 1792 1506 1826 in
1521 1792 1630 1825 medio
1639 1790 1840 1825 deformetur
1851 1788 1967 1831 femur,
1981 1789 2073 1836 quod

326 1842 446 1876 Graece
455 1842 536 1879 witi(
546 1840 663 1876 dicitur
673 1865 682 1879 ‚
692 1840 864 1877 secundum
874 1855 942 1878 eam
952 1843 1114 1877 canaliculi
1126 1842 1165 1876 ad
1187 1855 1310 1876 normae
1321 1853 1476 1876 cacumen
1495 1840 1721 1886 imprimantur
1731 1863 1740 1873 .
1776 1840 1824 1873 Ex
1836 1839 1951 1872 ordine
1961 1851 2074 1873 corum

324 1890 446 1930 dextra,
455 1901 491 1923 ac
501 1887 632 1927 finistra,
640 1891 736 1924 altera
745 1890 867 1925 femora
878 1891 1114 1927 constituantur
1122 1914 1132 1930 ‚
1143 1902 1240 1937 atque
1249 1892 1282 1925 in
1295 1890 1443 1924 extremis
1454 1890 1597 1935 partibus
1609 1886 1849 1922 semicanaliculi
1859 1888 2074 1921 inter-uertan-

323 1949 379 1973 tur
389 1964 398 1973 .
408 1937 597 1986 Triglyphis
607 1939 650 1973 ita
660 1939 837 1976 collocatis,
849 1951 1066 1987 metopae,qua·
1076 1938 1145 1973 sunt
1158 1939 1242 1973 inter
1252 1937 1447 1985 triglyphos,
1458 1949 1548 1984 aeque
1557 1939 1627 1971 altae
1637 1935 1694 1970 lint
1703 1959 1713 1972 ,
1724 1936 1821 1982 quzim
1839 1936 1942 1981 longae
1954 1960 1962 1969 .
1989 1938 2074 1970 Item

324 1987 361 2023 ἱη
370 1988 518 2021 extremis
527 1987 653 2034 angulis
673 1983 893 2034 semimetopia
911 1988 969 2023 lint
979 1988 1122 2035 imprcssa
1134 1987 1266 2022 dimidia
1277 1987 1402 2021 moduli
1413 1986 1583 2019 latitudine
1595 2010 1604 2018 .
1624 1987 1671 2018 Ita
1681 1986 1765 2017 enim
1775 1985 1847 2022 erit,
1859 1994 1892 2017 ut
1905 1984 2014 2017 omnia
2025 1984 2073 2017 ui-

325 2037 415 2076 tia‚&
425 2039 674 2083 metoparum,&
684 2036 1057 2075 intercolumniorum‚&
1068 2035 1314 2073 lacunariorum,
1325 2033 1416 2083 quod
1426 2034 1562 2081 aequalcs
1573 2031 1745 2068 diuiiiones
1755 2030 1844 2066 faetae
1855 2043 2072 2072 erunt,emen-

324 2084 456 2120 dentur.
466 2084 639 2131 Triglyphi
651 2085 789 2130 capitula
798 2084 880 2119 sexta
890 2096 978 2131 parte
989 2084 1115 2119 moduli
1126 2083 1196 2118 sunt
1209 2081 1354 2118 facienda
1366 2109 1376 2118 .

374 2132 562 2180 Epis’tylitan,
568 2133 620 2176 seu
631 2132 718 2168 trabs
725 2145 793 2168 cum
802 2133 920 2182 reliquis
929 2132 1070 2168 membris
1079 2154 1088 2169 ‚
1098 2131 1403 2180 qimfiipraponuntur
1412 2157 1422 2172 ‚
1438 2130 1530 2167 habet
1540 2132 1618 2167 is‘ias
1627 2132 1840 2166 nominationes
1848 2156 1857 2165 .
1883 2130 2052 2179 Epistylium
2060 2153 2071 2169 ‚

324 2181 796 2230 tmia‚guttae‚rcgula‚triglyphi,
806 2180 1333 2230 metopae‚canales,femora‚capituli‚
1338 2184 1499 2227 cymatium
1510 2203 1520 2218 ‚
1530 2192 1642 2216 corona
1649 2201 1658 2217 ‚
1669 2189 1850 2226 tympanum,
1854 2180 1942 2224 fima.
1960 2179 2072 2228 Epifty-

325 2230 400 2265 lium
413 2232 476 2264 dixi
484 2232 677 2264 communiori
684 2230 832 2266 uocabulo
841 2232 963 2277 intelligi
970 2232 1110 2277 quicquid
1111 2229 1204 2276 supra
1213 2229 1368 2264 columnas
1374 2233 1499 2278 ponitur
1509 2255 1519 2264 .
1533 2230 1684 2276 propriori
1698 2238 1799 2263 autem
1809 2229 1893 2264 trabs
1909 2231 1990 2275 regia
1999 2250 2009 2266 ‚
2022 2227 2072 2262 uel

325 2277 476 2323 magistra,
485 2287 519 2312 ut
528 2277 616 2319 nostri
627 2280 727 2313 dicunt
736 2305 746 2314 .
764 2278 860 2314 Trabs
870 2277 997 2323 fiili-iam
1005 2282 1033 2313 in
1038 2290 1146 2325 genere
1155 2279 1266 2312 Dorico
1274 2276 1365 2312 habet
1375 2305 1384 2319 ,
1396 2290 1459 2327 quae
1468 2281 1555 2313 taenia
1563 2290 1582 2311 a
1584 2276 1778 2321 similitudine
1797 2279 1907 2312 dicitur
1917 2302 1928 2316 ‚
1934 2275 1990 2320 fieb
2009 2289 2071 2324 qua

324 2325 431 2374 regula
439 2338 507 2361 cum
509 2328 607 2372 guttis
609 2326 705 2374 scalpi
707 2327 886 2374 solet‚guttae
895 2330 1039 2366 cadentis,
1049 2340 1086 2362 ac
1091 2325 1317 2374 stillantisaquae
1322 2337 1440 2373 partem
1450 2328 1583 2372 referunt
1592 2350 1602 2359 .
1621 2330 1683 2360 Sex
1690 2337 1808 2361 numero
1811 2325 1882 2369 fitnt
1891 2349 1900 2364 ‚
1907 2325 2071 2372 formam),-

324 2374 486 2421 oblongam
487 2376 602 2419 ferunt.
615 2376 752 2410 uidentur
759 2379 835 2410 enim
843 2388 883 2411 ex
890 2376 1062 2411 canaliculis
1069 2374 1285 2421 triglyphorum
1289 2373 1396 2415 stillare
1405 2402 1414 2410 .
1428 2383 1475 2411 De
1483 2373 1643 2421 triglyphis
1653 2397 1663 2412 ‚
1675 2380 1716 2414 cy·
1726 2378 1850 2421 metopis
1857 2375 1967 2410 ditium
1975 2372 2068 2415 eslfii-

321 2433 381 2472 pra
389 2446 399 2462 ,
409 2435 499 2472 quam
507 2425 666 2469 imaginem
678 2424 809 2469 referant
819 2449 827 2458 .
847 2425 1001 2471 Triglyphi
1009 2427 1096 2461 enim,
1105 2421 1188 2470 quast
1195 2422 1307 2466 trifitlci
1315 2425 1453 2460 dicuntur
1460 2449 1470 2459 .
1490 2425 1597 2470 Spacia
1608 2435 1680 2457 uero
1689 2425 1766 2458 inter
1770 2423 1881 2466 fitlcos‚
1892 2433 1966 2469 quos
1975 2432 2067 2454 cana-

323 2472 432 2507 liculos
438 2473 589 2506 nominant
597 2494 607 2509 ‚
612 2472 730 2516 femora
740 2474 878 2507 dicuntur
888 2498 896 2506 .
905 2467 1000 2507 nostri
1005 2472 1097 2520 plana
1110 2480 1221 2505 uocant
1230 2495 1238 2504 .
1250 2471 1403 2520 Triglyphi
1410 2483 1528 2521 quoque
1530 2470 1585 2514 sua
1593 2471 1707 2506 hahent
1715 2472 1860 2520 capitula,
1871 2484 1890 2505 a
1897 2468 2068 2517 quihusfla-

324 2523 381 2557 tim
389 2533 499 2555 corona
508 2521 681 2559 collocatur,
693 2533 755 2569 quae
764 2523 820 2556 duo
830 2520 922 2555 habet
931 2523 1061 2568 cymatia
1070 2543 1081 2559 ‚
1095 2531 1184 2554 unum
1193 2521 1222 2553 in
1224 2516 1350 2562 flammo,
1361 2522 1491 2556 alterum
1501 2522 1531 2555 in
1539 2523 1598 2554 imo
1610 2545 1618 2554 .
1629 2519 1801 2567 inciditnrq;
1809 2531 1918 2554 corona
1929 2527 2067 2554 amento,

324 2581 363 2605 ne
371 2571 509 2604 cadentes
517 2580 601 2617 aqua
609 2569 728 2613 aedificia
737 2579 927 2616 corrumpant
938 2591 949 2607 ‚
959 2578 992 2603 ut
1002 2569 1110 2604 diflum
1119 2570 1163 2603 eft
1172 2593 1182 2602 .
1194 2580 1261 2602 nam
1265 2568 1355 2617 supra
1365 2569 1442 2605 libro
1450 2571 1540 2604 tertio
1550 2592 1560 2607 ,
1571 2568 1752 2603 denticulum
1771 2571 1893 2603 uocauit
1901 2589 1911 2604 ‚
1929 2567 2008 2614 quod
2017 2565 2066 2600 hic

317 2618 459 2663 scotiam,
469 2624 510 2658 ὠ·
517 2626 647 2652 mentum
656 2620 733 2653 dixit
742 2644 751 2653 .
771 2621 871 2653 Scotia
881 2620 956 2652 enim
964 2617 1002 2660 est
1007 2617 1150 2665 praecifio,
1160 2627 1290 2651 mentum
1301 2620 1388 2656 illud,
1399 2620 1478 2666 quod
1484 2629 1542 2652 non
1551 2619 1596 2652 es‘t
1603 2616 1751 2665 pracifitm
1760 2631 1770 2650 :
1782 2623 1806 2651 F
1806 2618 1927 2662 anagia,
1939 2621 1979 2655 cf?
1988 2624 2065 2662 tym-

322 2676 416 2715 pana,
426 2665 645 2714 reliquacJ;sitnt
654 2676 726 2702 nota
737 2692 746 2701 .
763 2672 862 2711 Nunc
870 2669 910 2701 ad
915 2669 1120 2714 proportiones
1132 2668 1288 2700 ueniamus
1299 2692 1307 2701 .
1334 2666 1461 2714 Epiftylu'
1468 2666 1600 2701 altitudo
1609 2677 1677 2701 cum
1685 2667 1782 2703 taenia,
1794 2667 1939 2710 &guttis
1946 2665 2065 2702 dimidia

323 2716 515 2760 crassitudine
523 2716 574 2748 imi
576 2714 669 2763 scapi,
679 2714 748 2757 idest
759 2727 815 2749 uno
824 2714 935 2758 conflat
943 2714 1063 2748 modulo
1074 2739 1083 2748 .
1110 2716 1205 2750 Taenia
1214 2717 1259 2749 eft
1265 2725 1320 2762 pro
1323 2709 1451 2763 septima
1460 2714 1570 2749 moduli
1576 2724 1665 2762 parte
1675 2736 1686 2752 ‚
1689 2723 1781 2760 gutta
1799 2724 1855 2761 pro
1859 2713 1948 2757 sexta
1958 2727 1969 2746 :
1977 2713 2064 2746 modo

323 2763 430 2809 regula
439 2775 505 2798 cum
515 2764 571 2797 illis
581 2765 762 2809 intelligatur
771 2789 780 2798 .
790 2775 852 2811 quae
861 2762 965 2810 regula
975 2765 1095 2797 tertiam
1104 2761 1276 2805 illiusfi’xtae
1285 2774 1412 2811 occupat
1418 2773 1548 2806 partem,
1555 2762 1671 2810 reliquae
1679 2765 1739 2796 duo:
1742 2766 1841 2807 guttis
1850 2765 1959 2796 dantur
1968 2785 1978 2795 .
2004 2766 2062 2794 La-

324 2813 422 2846 titudo
432 2811 570 2859 Epislyli'q',
576 2812 629 2855 scu
634 2812 756 2859 planum
766 2813 896 2856 inferius,
907 2814 986 2860 quod
991 2811 1130 2858 capitulis
1137 2814 1296 2857 imponitur
1308 2835 1317 2849 ,
1330 2822 1416 2847 tanta
1427 2813 1484 2849 est,
1495 2820 1639 2858 quantum
1647 2811 1905 2858 hypotrachelium
1916 2836 1925 2844 .
1934 2812 1978 2844 ita
1986 2810 2063 2846 enim

325 2860 356 2893 in
359 2858 455 2902 solido
463 2860 644 2906 conquiescet
653 2886 662 2895 .
680 2860 906 2908 Triglyphorum
913 2860 1040 2895 altitudo
1048 2862 1144 2898 unius,
1155 2866 1195 2899 &w
1204 2862 1348 2895 dimidiati
1355 2859 1464 2895 moduli
1472 2885 1480 2894 .
1494 2860 1551 2894 lati
1559 2861 1588 2892 in
1596 2860 1692 2900 fr'onte
1701 2859 1818 2893 modulo
1828 2871 1886 2893 uno
1895 2883 1905 2892 .
1919 2859 2002 2900 from
2009 2868 2064 2894 ca?

323 2906 414 2955 pituli
417 2916 475 2989 per
483 2906 602 2953 longum
611 2911 682 2943 duos
691 2912 821 2955 integros
829 2908 922 2943 habet
929 2908 1060 2946 canales,
1064 2907 1116 2951 sed
1124 2921 1143 2942 a
1151 2907 1295 2943 lateribus
1296 2907 1543 2952 semicanaliculis
1549 2910 1689 2942 inciditur
1698 2933 1708 2942 .
1719 2908 1846 2948 Canales
1855 2917 1961 2942 norma
1967 2916 2063 2949 angu-

327 2954 380 2998 lus·
383 2955 418 2999 sn
440 2957 552 2989 intrare
559 2955 656 2994 debet,
665 2960 708 2991 ita
718 2969 793 2991 enim
799 2958 876 2992 iuste
884 2958 1031 2992 caeduntur
1039 2981 1049 2990 .
1060 2958 1200 2991 diuiditur
1202 2958 1310 3000 frontis
1317 2957 1445 2992 latitudo
1456 2958 1485 2991 in
1492 2964 1594 3003 partes
1595 2956 1652 2999 fex
1660 2979 1670 2994 ,
1681 2958 1800 2991 dimidia
1821 2958 1956 3000 utrinque
1971 2952 2063 2986 relin-

2104 565 2146 587 10

2102 1058 2146 1082 ΖΟ

2105 1549 2149 1582 30

2099 2038 2147 2072 4·

2098 2523 2141 2560 50

324 3005 428 3052 quitur
429 3002 687 3048 semicanaliculis,
693 3003 1012 3052 postsemicanaliculos
1017 3004 1119 3053 plano,
1129 3007 1208 3053 quod
1210 3006 1312 3052 femur
1318 3014 1410 3042 uocat
1427 3011 1459 3042 V
1458 3007 1510 3040 itr.
1529 3010 1626 3041 Graece
1633 3008 1725 3040 miros
1733 3006 1839 3047 dicitur
1847 3028 1856 3038 .
1875 3004 1942 3038 inde
1951 3000 2065 3037 canali-
2091 3005 2137 3035 6ο

445 3083 450 3098 ,
1979 3049 2065 3089 culis,
