2241 3318
287 138 355 181 246
961 131 1283 172 zise&

280 205 491 251 Chrysocolla
503 213 650 250 portatur
660 217 678 238 a
691 200 901 240 Macedonia,
909 199 1036 237 foditur·
1043 213 1150 243 autem
1159 214 1195 237 ex
1205 199 1343 236 hislocis
1353 221 1363 239 ‚
1373 198 1508 248 quisunt
1519 197 1663 246 proximi
1677 199 1791 246 aerarijs
1805 200 2019 237 metalii.=Mi-

277 256 415 292 nium‚&
426 253 572 288 Indicum
582 252 770 286 nominibus
785 250 858 298 ipfis
876 250 1030 290 indicant,
1041 251 1157 297 quibus
1168 251 1201 285 in
1210 250 1291 284 locis
1301 261 1522 296 procreantur-⁴

326 303 497 349 szlicauit
504 310 573 348 cap.
587 302 692 335 octauo
701 303 782 347 minis
791 302 943 335 inuention
950 311 996 334 em
1004 323 1014 338 ‚
1025 312 1101 335 nunc
1111 302 1174 334 eius
1181 307 1414 345 temperaturam
1422 299 1508 333 docet
1517 323 1527 332 .
1552 299 1643 344 Minij
1649 297 1733 333 color
1740 310 1756 333 e
1758 297 1875 343 floridis
1880 298 1918 341 esi
1928 323 1938 338 ,
1947 311 2018 335 nam

276 361 312 386 ut
321 354 364 385 ait
373 350 488 385 Plinius
497 372 506 386 ‚
513 349 581 392 sunt
589 349 704 384 colores
710 349 816 391 ausleri
822 372 833 388 ‚
842 358 896 383 aut
899 348 1002 393 floridi
1009 363 1020 383 :
1029 358 1189 396 utrumque
1200 357 1308 382 natura
1319 369 1330 385 ,
1340 355 1395 382 aut
1405 350 1538 382 mixtura
1547 349 1646 381 euenit
1655 372 1664 382 .
1691 346 1872 390 Floridisunt
1881 361 1955 396 quos
1962 351 2016 383 do·

277 402 373 434 minus
379 398 505 444 fingenti
510 397 626 444 praeslat
635 421 646 436 ‚
657 401 692 433 de
703 397 809 446 quibus
817 399 894 432 dixit
902 403 933 433 V
934 399 985 432 itr.
990 396 1081 444 fiipra
1089 406 1157 444 cap.
1159 396 1262 440 sexto.
1287 397 1422 432 Accedit
1428 396 1486 430 buc
1495 395 1674 442 chrysocolla
1683 417 1693 432 ,
1703 393 1808 438 ostrum
1816 417 1827 433 ,
1838 400 2014 433 armenium.

275 447 395 482 ‘Plinius
402 448 483 481 addit
493 447 684 482 cinnabarim
693 470 703 485 ,
712 448 843 482 Indicum
851 469 861 484 ‚
870 447 1019 493 purpuriss
1020 457 1080 480 um.
1089 444 1149 480 haec
1157 457 1230 480 uero
1238 456 1305 480 cum
1312 445 1499 482 inducuntur,
1510 443 1584 488 &fi
1591 456 1649 478 non
1656 442 1696 479 ab
1705 453 1772 478 arte
1773 444 1845 487 sunt
1849 445 1959 492 pofita‚
1968 448 2010 481 le-

272 494 360 543 gibus
368 497 556 542 excipiuntur
563 519 572 533 ‚
581 505 615 530 ut
623 495 662 530 ab
670 498 784 530 domino
793 508 849 530 non
859 493 899 529 ab
906 497 1090 541 redemptore
1097 493 1349 541 represententur.
1360 494 1537 540 Redemptor
1554 494 1630 527 enim
1639 492 1687 534 est,
1698 494 1749 540 qui
1757 494 1862 540 recipit
1869 503 2014 530 extruen-

274 547 344 579 dam
353 567 363 581 ,
375 550 416 583 (y-
433 545 625 578 inducendam
642 547 759 579 domum
768 569 777 578 .
788 544 820 578 hi
835 545 926 590 igitur
934 543 1038 588 floridi
1048 542 1120 585 fiint
1136 542 1249 577 colores
1258 557 1270 583 ‚·
1282 543 1378 576 caeteri
1385 539 1492 583 austeri
1501 566 1510 576 .
1537 543 1668 577 Minium
1685 543 1776 587 igitur
1784 554 1800 576 e
1816 541 1932 585 floridis
1946 545 1990 579 eft
1999 567 2011 582 ‚

275 604 387 638 magnae
402 592 471 626 olim
483 593 677 628 authoritatis
688 597 763 628 inter
775 596 927 640 pigmenta
937 614 946 629 ‚
960 597 1000 630 &
1008 593 1154 638 quondam
1163 591 1243 637 apud
1260 596 1408 634 Romanos
1417 612 1428 627 ‚
1438 602 1494 624 non
1498 589 1595 633 solum
1605 592 1740 625 maxima
1747 590 1817 634 ‚sed
1826 592 2013 635 etiamsacrae

273 641 423 686 religionis
431 663 441 678 ‚
452 651 485 675 ut
493 641 575 676 locus
583 641 670 688 ipfius
673 641 850 686 simulachri
850 640 966 684 fhciem
975 639 1168 683 diebusfeflis
1176 640 1264 672 minio
1273 639 1343 672 illini
1346 636 1467 680 solitam
1479 638 1635 684 affirment,
1650 638 2010 687 triumphantumq;,sicq;

274 691 430 726 Camillum
440 690 641 738 triumphaJJe.
652 695 738 726 Cuius
746 692 789 724 rei
796 689 913 733 causam
922 690 1048 722 miratur
1058 687 1190 725 Plinius,
1200 698 1369 734 quanquam
1379 692 1418 725 (φ
1423 686 1477 729 suo
1486 696 1617 734 tempore
1626 689 1656 722 id
1664 689 1766 734 expeti
1774 685 1917 727 constaret
1926 688 2012 722 athio

270 749 346 787 pum
351 737 472 786 populis
481 761 491 777 ‚
503 739 616 786 totosq‚-
625 751 658 773 eo
668 742 740 786 tingi
746 749 884 786 proceres
898 760 907 775 ‚
917 735 1028 784 huncq,·
1037 735 1078 771 ibi
1086 738 1207 771 deorum
1218 734 1410 780 fimulachris
1416 735 1544 770 colorem
1552 736 1606 780 effi’
1615 761 1624 770 .
1652 735 1785 782 Theopb.
1799 736 1893 770 tradit
1899 737 2010 772 inuenss

275 798 340 823 tum
347 790 467 821 minium
474 801 492 821 a
503 789 596 822 Callia
607 793 645 823 ,Α
647 787 789 830 thenienfi
796 788 879 821 initio
882 787 1018 833 sperante
1026 797 1131 820 aurum
1135 784 1216 832 posse
1227 786 1355 832 excoqui
1363 795 1455 818 arena
1464 782 1588 818 rubente
1597 787 1626 818 in
1636 785 1763 819 metallis
1770 785 1887 829 argenti
1895 806 1906 822 ‚
1916 796 2012 819 nona-

268 839 359 883 ginta
366 848 436 870 ann.
446 846 516 870 ante
525 835 711 879 Trasibulum
719 834 948 879 Atheniensium
973 835 1148 879 magistrum
1156 856 1166 871 ,
1176 835 1257 881 quod
1275 842 1390 880 tempus
1396 834 1460 867 exit
1468 834 1498 866 in
1506 838 1604 876 Romae
1611 832 1838 877 ducentesimum
1846 834 2014 879 quadrage-

269 886 378 932 fimum
389 896 496 918 nonum
505 896 624 920 annum.
648 887 783 932 Reperiri
801 886 893 919 etiam
909 886 968 918 iam
979 891 1042 917 tum
1052 884 1082 916 in
1090 883 1244 929 Hyspanijs
1252 907 1261 920 ‚
1266 881 1319 925 sed
1326 883 1431 916 durum
1438 903 1450 919 ‚
1461 886 1501 920 (ξφ
1513 881 1664 925 arenosum
1672 903 1683 920 ‚
1695 884 1837 928 optimum
1847 893 1919 915 uero
1919 881 2012 928 supra

276 934 427 981 Ερὸψιηι
439 931 580 967 Cilbianis
590 937 671 980 agris
678 945 799 968 arenam
807 935 889 968 cocci
897 931 1026 968 colorem
1036 929 1147 965 habere
1155 947 1167 972 ;
1176 937 1207 966 V
1207 933 1259 966 itr.
1266 929 1421 978 puluerem
1430 928 1553 965 rubrum
1569 932 1646 965 dixit
1656 956 1665 964 .
1691 937 1777 966 Vena
1787 933 1837 964 vti
1837 931 1937 974 ferreo
1946 941 2011 964 ma-

269 986 321 1030 gis
322 981 456 1027 fiibruffo
466 981 576 1020 colore,
586 985 703 1021 teritur,
713 984 815 1017 deinde
824 981 947 1016 lauatur
959 983 988 1015 in
995 979 1179 1023 farinam&
1188 981 1267 1028 quod
1268 977 1408 1022 subfidet,
1417 980 1524 1013 iterum
1532 978 1673 1020 lauatur;
1682 985 1719 1014 M
1720 979 1789 1014 ilina
1801 980 1894 1014 Graeci
1901 987 2012 1013 uocant

273 1033 395 1067 minium
404 1047 416 1070 ,·
427 1033 553 1073 Qimam'
560 1034 680 1066 minium
688 1044 707 1065 a
717 1031 784 1066 loco
795 1032 954 1077 Hyspaniae‚
963 1030 1038 1063 unde
1045 1027 1241 1062 inuehebatur
1249 1026 1474 1062 celeberrimum
1483 1049 1492 1065 ‚
1505 1039 1544 1062 ex
1551 1027 1730 1074 Sifizponenfi
1738 1030 1854 1073 regione
1863 1029 1892 1061 in
1901 1029 2011 1062 Baetica

274 1081 408 1115 miniario
417 1080 537 1113 metallo
546 1079 744 1127 uectigalibus
751 1080 853 1127 populi
862 1081 990 1124 Romani
1003 1078 1112 1111 nullim-
1120 1079 1163 1111 rei
1181 1076 1360 1121 diligentiori
1376 1074 1504 1118 custodia
1514 1101 1523 1110 .
1548 1081 1624 1122 Qu
1633 1075 1745 1111 licebat
1752 1075 1939 1123 ibiperficere
1946 1098 1957 1114 ‚
1969 1081 2011 1115 &-

275 1129 415 1175 excoqui,
418 1127 471 1170 fi'd
480 1134 608 1172 Romam
613 1127 819 1176 perferebatur
838 1140 912 1162 uena
915 1127 1036 1173 signat-t
1055 1127 1096 1160 ad
1105 1127 1180 1160 dena
1189 1126 1280 1159 millia
1285 1126 1355 1169 sere
1365 1128 1462 1173 pondo
1478 1136 1576 1159 annua
1586 1149 1595 1159 .
1621 1123 1776 1172 Ephesium
1790 1127 1911 1158 minium
1917 1125 2011 1159 dere-

271 1178 404 1224 linquere
413 1180 549 1221 Romani,
560 1180 629 1225 quia
643 1179 759 1212 curatio
767 1179 867 1223 magni
878 1179 976 1223 operis
986 1183 1062 1212 erat,
1075 1180 1115 1214 &⁴
1125 1176 1249 1208 virtutis
1260 1186 1329 1208 acre
1337 1172 1570 1215 existimabatur,
1580 1175 1655 1208 unde
1664 1175 1715 1221 qui
1723 1174 1844 1207 minium
1851 1174 1881 1207 in
1891 1172 2012 1218 officinis

270 1223 442 1275 poliebant,
451 1224 565 1269 fficiem
573 1226 654 1262 laxis
669 1225 770 1269 ueficis
782 1225 947 1272 illigabant,
963 1236 999 1258 ne
1013 1226 1042 1258 in
1060 1224 1222 1269 respirando
1237 1222 1422 1270 pernitialem
1434 1221 1588 1269 puluerem
1604 1222 1758 1256 traherent
1767 1243 1778 1259 ‚
1791 1227 1832 1261 (9-
1857 1230 1957 1256 tamen
1975 1230 2011 1255 ut

242 1313 247 1318 ,
268 1286 326 1324 per
347 1274 585 1320 illasspec‘tarent
599 1280 775 1321 Argentum
789 1276 909 1311 uiuum,
919 1275 997 1320 quod
1003 1275 1032 1306 in
1042 1274 1077 1318 ijs
1079 1270 1177 1317 glebis
1186 1281 1252 1306 erat
1267 1273 1434 1306 nocumenti
1443 1270 1529 1314 caufit
1540 1296 1549 1305 .
1561 1269 1762 1306 inducebatur
1777 1272 1897 1305 minium
1904 1269 2011 1314 clausis

272 1324 348 1359 locis
356 1344 366 1360 ‚
379 1334 447 1355 nam
453 1326 566 1369 apertis
575 1345 586 1361 ‚
597 1323 664 1358 sole
675 1346 686 1362 ‚
698 1328 779 1357 Luna
788 1345 798 1360 ‚
808 1322 910 1371 aereq;
919 1319 1126 1364 infirmabatur
1135 1343 1146 1358 ,
1157 1332 1224 1355 cum
1233 1332 1286 1355 nec
1294 1321 1385 1355 <ofitus
1395 1342 1406 1358 ‚
1417 1331 1469 1354 nec
1477 1320 1591 1365 frigora
1608 1318 1752 1354 toleraret
1764 1344 1773 1354 .
1793 1317 2011 1355 Adhibebatur

273 1383 340 1409 tum
350 1372 510 1405 remedium
527 1374 673 1419 quoddam
683 1397 693 1406 .
720 1376 810 1419 NJm
826 1383 899 1406 caera
911 1373 1018 1418 punica
1028 1368 1096 1411 idest
1104 1368 1176 1404 alba
1184 1368 1300 1416 liquata
1309 1371 1385 1414 igni,
1396 1374 1436 1408 (9-
1443 1367 1534 1415 paulo
1544 1367 1608 1402 oleo
1618 1377 1784 1414 temperata
1785 1367 1852 1412 seta
1862 1389 1872 1405 ‚
1886 1373 1926 1407 &
1931 1377 2009 1414 pen*-

272 1421 370 1456 nicillo
379 1418 573 1454 inducebatur
583 1445 593 1454 .
619 1420 765 1468 Iterumq;
787 1422 915 1455 admotis
918 1420 1005 1465 gallae
1013 1417 1192 1454 carbonibus
1207 1417 1392 1452 adurebatur
1398 1419 1438 1452 ad
1439 1416 1577 1460 sudorem
1586 1417 1690 1463 usque,
1696 1417 1801 1463 pos‘lea
1814 1415 1943 1453 candelis
1955 1414 2009 1459 su-

272 1467 443 1516 bigebatur,
453 1481 490 1502 ac
498 1470 598 1503 deinde
609 1469 707 1504 linteis
712 1471 797 1517 puris
805 1491 816 1507 ‚
826 1470 926 1503 eadem
934 1470 1048 1503 ratione
1058 1479 1116 1515 qua
1125 1478 1275 1500 marmora
1283 1471 1480 1505 carantam&
1489 1467 1612 1499 nitentia
1615 1465 1694 1507 fiunt
1703 1490 1712 1498 .
1722 1465 1773 1499 illa
1782 1474 1883 1500 autern
1890 1466 2009 1499 adustio

272 1520 369 1550 καῦσις
379 1518 477 1551 Graece'
483 1515 637 1552 dicebatur
644 1517 683 1552 ab
692 1519 824 1553 incendio
833 1533 844 1558 ;
854 1518 932 1552 Illita
941 1529 1010 1563 ergo
1019 1527 1093 1550 caera
1102 1516 1152 1549 illa
1159 1513 1278 1550 cohibet
1286 1515 1346 1550 ladi
1353 1514 1481 1549 colorem
1489 1527 1508 1548 a
1519 1513 1595 1551 Sole,
1609 1519 1691 1548 Luna
1699 1536 1710 1551 ‚
1718 1513 1822 1561 αεὶ-(ῆς
1831 1535 1842 1551 2
1854 1519 1895 1552 ἐφ’
1908 1512 2008 1560 splen-

272 1570 374 1603 dorem
383 1564 586 1608 consonabat,
596 1578 630 1600 eo
641 1568 727 1601 modo
736 1578 853 1614 quoque
861 1578 913 1599 nos
921 1567 1082 1600 inducimus
1087 1563 1215 1611 pic‘luris·
1224 1576 1391 1611 eam‚quam
1400 1565 1547 1597 uernicem
1555 1565 1748 1599 nominamus,
1758 1561 1828 1597 licet
1839 1584 1849 1599 ,
1865 1567 1906 1601 (φ
1915 1562 2004 1595 noua.

271 1619 422 1651 inuentum
425 1613 468 1657 fit
482 1613 545 1648 oleo
556 1614 672 1650 linaceo
681 1638 691 1654 ,
699 1615 748 1650 uel
760 1613 800 1650 ab
814 1614 1008 1649 nucecolores
1018 1614 1121 1648 induci
1129 1621 1233 1647 contra
1243 1624 1341 1648 omnes
1356 1614 1452 1650 aeris,
1463 1611 1574 1651 &coeli
1590 1613 1716 1645 iniuriasn
1724 1632 1733 1647 ‚
1744 1612 1830 1644 modo
1835 1609 1932 1653 siccus
1942 1632 1952 1648 ,
1964 1616 2006 1649 ἔγ·

271 1667 390 1700 minime
403 1661 561 1708 uliginosus
570 1663 613 1708 fit
620 1667 718 1711 paries
735 1662 786 1698 ubi
794 1665 952 1698 inducatur
962 1688 970 1696 .
997 1663 1151 1707 Qomodo
1160 1671 1261 1695 autem
1277 1660 1461 1695 adulteretur
1472 1663 1611 1697 minium,
1623 1665 1664 1698 &-
1679 1659 1914 1706 deprehendatur
1921 1659 2007 1693 docet

270 1710 438 1751 Vitr.calce
446 1713 522 1746 enim
529 1711 956 1760 adulteratur-‚deprehenditur
964 1712 1078 1745 lamina
1085 1712 1222 1744 candenti
1221 1709 1311 1756 fiiper
1318 1708 1484 1756 impositum
1491 1731 1500 1746 ‚
1511 1709 1536 1752 si
1545 1711 1574 1742 in
1580 1709 1736 1755 pristinum
1747 1707 1878 1743 colorem
1887 1707 2008 1752 refrige-

271 1772 373 1798 ratum
383 1771 441 1793 non
451 1769 586 1794 uertatur
596 1767 636 1801 (φ
645 1761 790 1807 nigrescat
803 1785 812 1795 .
838 1762 992 1807 Qomodo
1002 1768 1104 1793 autem
1115 1769 1189 1792 caera
1199 1759 1324 1792 candida
1328 1757 1387 1800 fiat
1395 1780 1405 1795 ‚
1417 1759 1502 1792 docet
1510 1757 1592 1792 Plin.
1604 1755 1674 1791 libr.
1706 1769 1722 1790 2
1731 1769 1743 1791 1
1752 1782 1761 1790 .
1787 1765 1854 1803 cap.
1886 1766 1897 1788 1
1907 1768 1940 1800 4.
1965 1757 2009 1795 ite

270 1810 416 1859 quomodo
425 1820 473 1842 res
480 1810 654 1843 inaurentur
663 1809 716 1844 lib.
747 1822 760 1854 3
770 1821 783 1854 3
792 1835 801 1844 .
827 1819 894 1856 cap.
921 1813 957 1843 6.
975 1807 1172 1854 Chryfiicolla,
1184 1808 1254 1853 quia
1274 1818 1339 1840 eam
1345 1805 1480 1846 aurifices
1496 1807 1652 1840 uendicant
1662 1807 1691 1839 in
1699 1805 1912 1851 agglutinando
1921 1816 2008 1841 auro,

271 1863 316 1895 ita
325 1860 445 1894 dicitur,
455 1857 539 1903 quasi
548 1859 687 1892 auricolla
696 1881 706 1896 ‚
717 1867 899 1905 temperatur
907 1859 1008 1905 cypria
1017 1858 1150 1901 erugine,
1161 1861 1202 1894 θ’
1208 1857 1297 1902 pueri
1306 1853 1437 1901 impubis
1448 1856 1534 1888 urina
1543 1877 1553 1892 ‚
1564 1855 1666 1888 addito
1677 1856 1754 1889 nitro
1764 1876 1773 1891 ‚
1783 1855 1892 1888 teritur
1905 1854 2006 1900 cyprio

271 1920 325 1944 aere
334 1909 363 1941 in
372 1906 479 1952 cypriq's
485 1908 636 1951 mortarijs
644 1906 814 1949 ,sicernam
823 1916 933 1941 uocant
942 1907 1036 1940 nostri
1044 1927 1054 1942 ‚
1062 1906 1105 1938 ita
1116 1905 1332 1948 ferruminatur
1340 1914 1448 1949 aurum
1457 1928 1466 1937 .
1494 1902 1678 1948 Chrjsbcolla
1696 1902 1804 1936 humor
1813 1902 1858 1937 est
1866 1903 1895 1935 in
1904 1899 2007 1948 puteis·

268 1968 325 2007 per
334 1965 438 1990 uenam
447 1956 512 1988 auri
521 1953 647 1999 defluens
662 1956 849 1999 crassescente
859 1954 928 1988 limo
938 1952 1085 1998 rigoribus
1094 1951 1232 1999 hybernis
1250 1951 1338 1999 usque
1351 1954 1381 1985 in
1391 1953 1528 1985 duritiem
1542 1946 1666 1998 pumicis
1677 1951 1893 1985 :laudatiorem
1914 1950 2007 1984 eande

271 2010 303 2042 in
311 2005 422 2049 ‚erarijs
428 2003 566 2040 metallis,
577 2008 617 2042 ώ-
623 2015 794 2050 proximam
800 2005 830 2036 in
838 2001 1088 2048 argentarijsfieri
1096 2009 1278 2047 compertum
1287 1999 1324 2042 esi
1337 2025 1346 2034 .
1358 1999 1552 2045 laudatiffima
1560 2002 1588 2033 in
1596 2002 1756 2036 Armenia,
1758 1999 1887 2042 secunda
1894 2000 1925 2031 in
1931 2003 2007 2032 Ma-

271 2055 393 2091 cedonia
402 2073 412 2089 ‚
422 2050 578 2098 largiffima
589 2054 618 2085 in
635 2052 786 2098 Hispania.
798 2052 914 2094 fiamma
932 2052 1190 2085 commendationis
1210 2049 1255 2083 ert
1263 2071 1273 2086 ‚
1285 2058 1318 2083 ut
1327 2048 1455 2083 colorem
1465 2047 1564 2083 herba
1573 2047 1682 2093 segetis
1701 2047 1769 2081 laetae
1776 2048 1900 2080 uirentis
1915 2056 2007 2092 quam

267 2102 415 2150 [nnillime
424 2102 528 2135 reddat
534 2115 547 2141 ;
557 2106 588 2135 V
589 2099 692 2148 isumq‚
703 2099 740 2142 es!
749 2102 809 2134 iam
815 2101 951 2146 Neronis
959 2101 1101 2146 principis
1115 2097 1289 2144 spectaculis
1297 2101 1388 2132 arena
1397 2099 1468 2132 circi
1480 2096 1660 2145 chryfiicolla
1670 2097 1765 2130 s'terni
1773 2117 1783 2133 ,
1793 2092 1926 2141 cumipse
1934 2104 2007 2127 con-

273 2151 368 2188 colori
373 2160 470 2197 panno
480 2150 671 2194 aurigaturus
679 2149 749 2194 esset
759 2173 769 2188 ,
778 2149 896 2183 inducta
918 2146 1055 2195 opificum
1064 2146 1155 2181 turba
1165 2171 1174 2180 .
1200 2147 1333 2181 Indicum
1341 2147 1435 2180 nos‘tri
1441 2147 1590 2192 endegum²
1600 2153 1710 2178 uocant
1722 2169 1731 2178 .
1759 2141 1901 2179 Caeruleus
1911 2141 1956 2177 es'i
1963 2140 2004 2176 illi

273 2199 368 2239 color,
381 2203 421 2239 &-
431 2199 500 2245 quia
510 2209 549 2232 ex
559 2199 644 2233 India
651 2206 840 2246 apportatur,
850 2198 980 2234 Indicum
989 2205 1128 2233 uocatur,
1131 2194 1222 2240 ficuti
1230 2196 1351 2229 minium
1360 2207 1379 2230 a
1381 2194 1478 2240 fluuio
1486 2194 1627 2242 Hispania
1630 2192 1676 2237 fic
1687 2193 1776 2228 dieto.

427 2319 515 2371 De
534 2313 775 2378 coloribus,
788 2317 873 2391 qui
883 2284 1128 2388 artefiunt.
1479 2375 1481 2377 Ι
1598 2315 1713 2389 Cap.
1784 2315 1853 2387 .X.

294 2457 458 2513 ,ζῆ-ξπ
477 2440 640 2489 Ngrediar
649 2453 733 2476 nunc
741 2440 781 2476 ad
790 2453 836 2480 ea,
848 2452 918 2487 quae
928 2453 964 2475 ex
973 2440 1040 2485 alijs
1051 2438 1224 2486 generibus
1233 2438 1460 2473 traEtationum
1472 2437 1693 2484 temperaturis
1702 2446 1899 2471 commutata
1910 2432 2006 2483 respi-

296 2489 329 2571 ἴ
389 2479 458 2563 ἦῆ
495 2492 585 2525 ciunt
596 2491 746 2525 colorum
765 2490 977 2570 prosprietates
990 2502 997 2522 :
1009 2493 1039 2523 &
1050 2488 1189 2534 primum
1199 2500 1357 2533 exponam
1368 2486 1408 2521 de
1416 2497 1595 2521 atramento
1606 2509 1616 2526 ‚
1626 2486 1716 2520 cuius
1726 2484 1796 2520 usus
1810 2486 1845 2519 in
1853 2483 2005 2530 operibus

457 2553 459 2574 l

391 2507 415 2522 N

312 2506 361 2591 Ε
390 2513 454 2607 Q
495 2551 626 2585 magnas
634 2538 730 2574 habet
739 2550 814 2572 nece
831 2538 949 2575 sitates,
959 2548 995 2571 ut
1005 2537 1062 2571 {int
1080 2536 1468 2583 notae,quemadmodum
1486 2545 1700 2582 praeparentur
1708 2535 1800 2568 certis
1819 2533 2004 2567 nationibus

294 2588 350 2608 3¹¹1„ae

288 2527 289 2539 l

288 2582 290 2622 Ῐ
457 2580 460 2625 Ι
495 2587 705 2623 artificiorum
716 2586 754 2621 ad
763 2585 796 2620 id
806 2597 1026 2633 temperaturae
1037 2609 1046 2619 .
1068 2587 1219 2631 Namque
1230 2584 1505 2618 aedificaturlocus
1517 2585 1563 2618 uti
1572 2583 1770 2617 Laconicum
1782 2604 1792 2619 ,
1801 2582 2003 2627 &expolitur

272 2649 434 2673 marmore
443 2634 608 2674 subtiliter,
617 2639 647 2670 δι
658 2635 822 2682 laeuigatur
833 2658 842 2669 .
860 2638 944 2668 Ante
954 2633 986 2667 id
998 2631 1035 2666 fit
1045 2631 1211 2668 fornacula
1224 2633 1341 2668 habens
1350 2633 1383 2666 in
1398 2633 1581 2667 laconicum
1592 2643 1681 2666 nares
1689 2653 1700 2669 ‚
1710 2634 1742 2664 &
1752 2630 1818 2664 eius
1830 2628 2003 2676 praefurnit‘t

274 2699 392 2733 magna
402 2686 568 2733 diligentia
577 2684 816 2730 comprimitur,
828 2694 868 2717 ne
878 2681 1006 2716 flamma
1015 2693 1100 2715 extra
1109 2679 1293 2728 dissipetur:
1305 2683 1337 2715 in
1346 2680 1475 2715 fornace
1486 2680 1583 2715 refina
1591 2679 1780 2714 collocatur.
1790 2679 1886 2713 Hanc
1895 2689 2003 2712 autem

272 2735 358 2782 ignis
367 2733 506 2781 potestas
516 2733 640 2767 urendo
651 2733 742 2779 cogit
750 2732 896 2766 emittere
907 2742 962 2777 per
970 2742 1057 2764 nares
1066 2731 1148 2764 intra
1156 2730 1337 2764 laconicum
1346 2728 1514 2777 fuliginem
1524 2753 1533 2768 ‚
1544 2741 1613 2774 quae
1624 2727 1706 2761 circa
1724 2728 1876 2773 parietem
1887 2752 1897 2765 ,
1907 2730 1939 2760 δι
1951 2738 2003 2759 ca-

273 2796 370 2817 merae
382 2794 582 2818 curuaturam
592 2779 784 2819 adhaerescit,
793 2779 867 2814 inde
875 2779 1010 2813 collecta
1021 2775 1131 2825 passim
1141 2779 1353 2824 componitur
1368 2790 1404 2811 ex
1411 2778 1536 2824 gummi
1545 2775 1675 2810 subacto
1683 2776 1723 2810 ad
1737 2774 1826 2810 usum
1835 2774 2004 2809 atramenti

274 2831 380 2865 librari
383 2835 406 2875 j,
418 2833 534 2878 reliqua
546 2830 686 2864 εεᾶοτεε
695 2829 856 2876 glutinum
865 2824 1073 2862 admiscentes
1083 2827 1114 2860 in
1123 2826 1293 2873 parictibus
1303 2837 1448 2860 utuntur.
1458 2827 1511 2860 Sin
1521 2836 1627 2859 autem
1637 2836 1679 2858 eae
1690 2825 1791 2872 copiae
1807 2836 1874 2858 non
1883 2821 2004 2857 fuerint

274 2880 449 2926 paratae‚ita
460 2877 695 2914 necessitatibus
706 2878 764 2912 erit
774 2874 1060 2911 administrandum
1071 2897 1081 2912 ,
1093 2887 1131 2909 ne
1141 2875 1360 2922 expestatione
1370 2886 1468 2908 morae
1480 2885 1526 2907 res
1537 2873 1732 2906 retineantur
1741 2898 1750 2907 .
1776 2875 1937 2908 Sarmenta
1945 2879 2002 2904 aut

275 2927 357 2962 tedae
368 2926 490 2962 schidiae
504 2926 736 2963 comburantur
749 2950 758 2966 ‚
770 2938 843 2960 cum
854 2935 948 2959 erunt
968 2924 1123 2957 carbones
1132 2946 1143 2962 ,
1155 2924 1378 2970 extinguantur
1388 2947 1398 2956 .
1433 2922 1562 2956 Deinde
1581 2922 1613 2955 in
1624 2921 1778 2955 mortario
1789 2933 1861 2955 cum
1873 2919 2001 2965 glutino

274 2985 447 3014 oereamur,
458 2976 500 3009 ita
511 2977 569 3009 erit
579 2985 792 3008 atramentum
801 2972 978 3008 teetoribus
986 2984 1053 3006 non
1062 2971 1265 3007 inuenustum
1275 2997 1285 3008 .
1314 2972 1396 3005 Non
1407 2971 1511 3004 minus
1522 2969 1544 3004 si
1557 2968 1614 3003 faex
1625 2970 1688 3003 uini
1697 2967 1830 3003 arefasta
1844 2990 1855 3006 ‚
1866 2972 1896 3002 &
1907 2967 2001 3000 consta

274 3024 309 3059 in
319 3022 449 3058 fornace
458 3022 552 3058 fuerit
561 3045 570 3061 ‚
582 3027 614 3057 δι
624 3035 659 3056 ea
669 3023 807 3056 contrita
818 3034 892 3056 cum
903 3021 1030 3069 glutino
1043 3021 1076 3054 in
1088 3032 1184 3066 opere
1196 3020 1365 3055 inducetur
1375 3042 1384 3058 ‚
1393 3030 1449 3065 per
1465 3031 1560 3065 quam
1569 3018 1736 3053 atramenti
1746 3016 1871 3052 suauem
1881 3012 2002 3049 efficiet

274 3072 420 3107 colorem
430 3095 442 3110 ‚
452 3075 484 3107 δι’
495 3084 562 3121 quo
571 3072 674 3119 magis
685 3083 721 3107 ex
730 3071 863 3107 meliore
873 3071 951 3107 uino
960 3068 1146 3118 parabitur,
1156 3081 1225 3105 non
1241 3069 1344 3106 modo
1361 3068 1528 3105 atramenti
1536 3089 1548 3108 ,
1559 3065 1610 3102 sed
1625 3067 1722 3102 etiam
1733 3065 1838 3102 Indici
1855 3064 2000 3098 colorem

273 3119 362 3156 dabit
369 3121 500 3157 imitari.
1851 3110 2003 3161 Expositio

2045 613 2090 651 τε·

2039 1095 2084 1120 20

2035 1587 2082 1621 ΞΟ

2030 2101 2078 2136 40

2028 3068 2074 3102 60
