2241 3318
80 1129 123 1152 20

82 1620 125 1654 30

83 2110 131 2146 40

850 136 1353 169 ocTAVVs.
1816 148 1877 184 253

154 219 256 246 corum
263 211 350 243 modo
359 231 368 246 ‚
379 209 483 243 dentes
491 208 599 246 exerti,
603 207 656 251 sed
663 205 780 244 leniter,
789 208 886 241 cauda
893 207 970 253 apri,
975 218 1038 242 uox
1047 209 1114 256 equi
1122 229 1133 246 ‚
1143 210 1346 256 magnitudine
1352 208 1436 255 asini,
1445 208 1578 258 tergoris·
1587 218 1675 247 tanta
1683 214 1781 258 crassit
1785 214 1856 251 udo,
1864 221 1899 248 ut

155 271 195 296 ex
203 271 235 295 eo
244 257 393 293 uenabula
395 257 528 301 faciant,
538 258 679 292 interiora
690 257 786 290 omnia
795 257 874 303 equi,
884 260 925 295 (φ
933 254 1018 300 asini.

154 374 239 426 De
257 370 393 444 aquis
407 364 568 419 calidis
581 405 595 425 ,
610 361 673 421 &³
679 383 798 437 quas
808 360 1007 416 babeant
1017 366 1140 417 uires
1150 383 1182 416 a
1195 363 1384 437 diuersis
1396 365 1590 419 metadis
1605 367 1896 437 prodeuntes,

358 442 423 501 Εἴ
443 445 500 497 de
524 461 767 497 uariorum
783 438 1290 516 fontiumfluminum‚
1304 440 1538 518 lacuum&
1561 460 1704 497 natu-

614 538 690 572 ra.
1135 522 1243 595 Cap.
1322 520 1429 573 III.

319 674 326 698 -3
352 655 383 690 V
395 667 418 690 Ν
427 667 451 690 τ
476 654 574 689 etiam
592 653 740 688 nonnulli
767 652 874 688 fontes
893 651 985 688 calidi
1004 664 1041 686 ex
1069 648 1187 697 quibus
1208 648 1343 697 profluit
1368 662 1448 697 aqua
1467 650 1576 696 sapore
1595 650 1724 696 optimo
1743 674 1754 690 ,
1774 663 1844 698 quae
1863 652 1896 687 in

316 701 326 721 ‘³
369 705 505 753 potione
523 704 566 738 ita
582 702 628 738 est
645 702 744 737 suauis
763 725 774 742 ‚
793 704 841 737 uti
859 715 919 737 nec
939 700 1112 738 fontanalis
1131 699 1172 733 ab
1197 699 1368 735 Camoenis
1385 724 1397 742 ,
1418 711 1478 733 nec
1496 699 1612 733 Martia
1633 697 1743 733 saliens
1768 699 1898 735 deside-

373 764 459 788 retur
469 778 479 788 .
1210 769 1214 773 ⁴

164 820 234 841 „e—xxx
243 822 269 834 xxx
395 805 526 837 Dixerat
533 808 563 836 V
563 804 614 836 itr.
626 802 723 837 nullas
732 814 831 850 aquas·
850 801 1028 835 naturaliter
1035 798 1156 833 calidas
1171 797 1226 842 effi’
1235 809 1304 832 cum
1321 799 1400 833 dixit
1409 819 1419 837 ‚
1447 795 1571 842 {calida
1589 808 1672 845 aquae
1681 797 1762 832 nulla
1772 796 1809 839 est
1817 806 1898 844 pro—

150 857 270 902 prietas
285 858 296 895 ξ
325 850 521 899 ostenderatq;
531 852 605 884 unde
615 850 746 885 calorem
757 853 942 896 conciperent
951 872 960 887 ,
965 848 1080 892 scilicet
1089 859 1109 881 a
1121 845 1282 883 canalibus·
1294 857 1350 895 per
1358 858 1432 893 quos
1440 845 1600 890 transirent
1610 848 1706 891 ignem
1715 848 1898 881 continenti}

154 902 210 937 bus
219 913 259 935 ex
266 899 370 948 aliqua
380 902 518 937 materia,
530 911 586 933 non
596 899 651 943 effe
659 910 760 934 autem
768 899 885 935 calidas
894 907 1003 932 natura
1010 920 1020 936 ‚
1030 905 1207 942 argumento
1220 897 1270 930 illo
1275 894 1461 944 probauerat
1469 917 1478 933 ,
1490 896 1570 942 quod
1587 895 1672 929 calor
1679 897 1708 929 in
1719 894 1766 929 his
1775 896 1823 929 diu
1840 905 1899 928 non

150 950 236 999 poffit
243 959 418 996 permanere
430 949 590 995 :fizporem,
600 950 728 986 odorem,
739 955 779 988 &-
789 948 929 984 colorem,
938 958 1025 994 quem
1034 958 1074 979 ex
1081 944 1215 979 locorum
1224 967 1235 983 ‚
1245 957 1319 991 quos
1325 952 1505 991 percurrunt
1513 952 1621 978 natura
1629 945 1826 990 conceperint,
1833 944 1901 977 ideo

152 1001 296 1035 retinere,
311 999 390 1045 quod
397 1000 426 1031 in
437 1009 541 1032 earum
550 999 678 1031 raritate
686 996 760 1031 bene
768 997 907 1031 intinci‘t'us
916 1019 925 1033 ‚
937 1001 976 1035 ρῇ-
983 996 1152 1043 permixtus
1162 993 1205 1038 fit
1213 993 1295 1027 color
1303 1015 1313 1031 ‚
1324 996 1396 1027 odor
1405 1015 1415 1030 ,
1428 992 1562 1039 &stipor
1571 1014 1581 1030 ‚
1592 993 1667 1026 unde
1676 1004 1733 1026 non
1733 991 1830 1035 fircile
1837 992 1902 1025 tolli

154 1045 260 1095 potest.
288 1053 406 1081 Harum
415 1049 506 1091 igitur
515 1057 613 1080 rerum
623 1046 774 1090 occasione
782 1047 817 1080 de
825 1057 911 1091 aquis
920 1044 1023 1078 calidis
1030 1045 1105 1089 agit,
1113 1042 1182 1091 deq;
1191 1054 1294 1076 earum
1300 1040 1510 1084 facultatibus,
1520 1046 1560 1080 (9·
1568 1042 1604 1075 de
1610 1052 1760 1088 aquarum
1766 1043 1904 1088 proprie-

153 1094 273 1130 tatibm
285 1120 293 1128 .
322 1094 447 1132 Calidass
459 1104 558 1129 autem
578 1094 717 1142 quafilam
736 1094 924 1140 bonifizporis
939 1092 994 1137 effe
1008 1094 1064 1130 ait,
1076 1094 1119 1127 ita
1129 1101 1163 1125 ut
1166 1090 1335 1135 fontanalis
1344 1100 1425 1134 aqua
1434 1101 1490 1123 non
1501 1088 1683 1133 desideretur
1693 1088 1733 1123 ab
1747 1092 1900 1128 camoeni's,

152 1143 457 1188 nec[M.trtiaJIzliens,
466 1155 577 1190 aquam
586 1156 605 1178 a
611 1142 750 1187 sontibus
759 1143 820 1178 luci
839 1149 1042 1177 Camoenarum
1050 1163 1060 1178 ‚
1071 1142 1123 1186 qui
1132 1140 1196 1183 fuit
1213 1148 1302 1174 extra
1308 1147 1432 1186 portam
1441 1148 1595 1185 capenam,
1604 1139 1822 1184 intelligit,cum
1829 1140 1902 1173 dicit

152 1193 362 1238 {fontanalem
372 1191 412 1226 ab
422 1194 602 1234 Camoenis.}
637 1197 740 1239 Aque
757 1204 828 1226 uero
846 1198 966 1226 Marttae
982 1192 1032 1224 uia
1050 1188 1177 1224 Valeria
1195 1197 1342 1235 conceptae
1359 1188 1463 1222 durft'us
1474 1186 1563 1233 super
1577 1195 1701 1234 portam
1718 1186 1902 1234 exquilinam

152 1243 191 1276 ad
199 1241 336 1276 thermas·
345 1240 526 1276 Diocletiani
535 1241 676 1275 deductus
685 1240 733 1283 est,
739 1243 824 1288 prius
835 1250 934 1275 tamen
942 1251 962 1273 a
971 1244 1082 1286 NJrua
1091 1238 1198 1282 fuerat
1204 1239 1235 1271 in
1244 1236 1373 1274 Coelium‚
1384 1242 1424 1276 θ
1432 1238 1622 1271 „Auentinum
1629 1245 1744 1270 montes
1753 1237 1902 1270 deriuata.

201 1291 313 1324 Haec
340 1301 445 1324 autem
457 1288 689 1336 perficiuntura
700 1301 810 1324 natura
819 1290 867 1324 his
888 1288 1074 1322 rationibus.
1089 1287 1175 1320 Cum
1185 1287 1219 1320 in
1228 1285 1298 1320 imo
1318 1297 1374 1331 per
1386 1285 1527 1322 alumen,
1537 1295 1590 1318 aut
1609 1284 1768 1322 bitumen,
1779 1282 1828 1318 seu
1841 1283 1904 1318 sul-

152 1338 235 1386 phur
244 1339 329 1386 ignis
337 1339 492 1373 excitatur
502 1363 512 1377 ,
525 1338 640 1373 ardore
650 1337 884 1384 percandefacit
894 1349 1011 1371 terram
1020 1359 1031 1376 ‚
1049 1348 1119 1383 quae
1129 1334 1174 1369 est
1182 1335 1262 1369 circa
1277 1332 1304 1368 se
1315 1357 1325 1371 ,
1337 1331 1428 1381 supra
1439 1332 1468 1368 se
1477 1344 1584 1366 autem
1603 1332 1762 1367 feruidum
1783 1333 1903 1367 emittit

153 1389 187 1422 in
198 1386 360 1434 superiora
372 1389 443 1422 loca
454 1399 607 1434 uaporem
616 1409 627 1424 ‚
642 1388 726 1421 &ita
737 1387 758 1422 fi
776 1387 874 1434 quiin
886 1387 932 1420 his
942 1387 1022 1420 locis
1035 1409 1044 1424 ‚
1055 1383 1191 1432 quisunt
1207 1382 1296 1429 supra
1307 1381 1416 1416 fontes
1426 1382 1530 1417 dulcis
1538 1394 1627 1430 aquae
1640 1380 1813 1416 nascuntur
1826 1406 1837 1421 ‚
1848 1379 1902 1414 οἵ,

153 1434 230 1470 fenfi
241 1448 282 1471 eo
291 1448 412 1482 uapore
432 1434 642 1469 efferuescunt
652 1435 736 1470 inter
746 1449 842 1471 uenas
852 1462 861 1476 ,
873 1439 904 1470 &
915 1436 957 1470 ita
976 1433 1144 1481 profluunt
1154 1433 1346 1478 incorrupto
1359 1430 1481 1477 sapore.

203 1485 356 1519 Hacflenus
363 1486 438 1518 unde
447 1496 529 1532 aqua
538 1484 637 1519 calida
646 1487 810 1532 incorrupti
821 1484 938 1531 saporis
955 1486 1090 1518 oriantur
1098 1505 1107 1521 ,
1119 1493 1197 1516 nunc
1213 1483 1247 1515 de
1259 1481 1375 1526 frigidis
1383 1502 1393 1517 ,
1404 1485 1445 1519 eje
1462 1491 1566 1514 earum
1570 1478 1729 1528 saporibus
1738 1481 1828 1514 dicet.
1841 1481 1904 1525 Qi

150 1532 315 1581 philologia
325 1532 521 1571 delefft'antur,
530 1532 690 1573 habent&
700 1533 757 1568 hoc
766 1536 881 1581 capite,
893 1535 968 1567 unde
983 1534 1113 1566 animum
1121 1530 1278 1578 uoluptate
1295 1529 1438 1578 expleant
1451 1530 1597 1566 :ostendit
1613 1531 1744 1579 primum
1760 1530 1796 1563 de
1814 1528 1903 1571 causa

153 1583 328 1628 irruptionis
331 1582 463 1626 fontium
472 1583 546 1616 unde
554 1580 688 1616 habeant
698 1592 732 1617 ut
740 1581 865 1617 ebullire
874 1583 1042 1617 uideantur.

203 1631 300 1664 SVNT
330 1631 425 1663 etiam
436 1630 560 1669 odore,
576 1634 608 1664 &
618 1629 727 1677 sapore
738 1644 805 1665 non
816 1631 907 1664 bono
919 1629 1029 1679 frigidi
1040 1628 1168 1668 fontem
1178 1629 1234 1677 qui
1245 1628 1284 1663 ab
1301 1627 1508 1663 inferioribus
1529 1627 1610 1662 locis
1625 1627 1750 1674 penitus
1762 1626 1826 1660 orti
1846 1638 1903 1674 per

155 1679 226 1713 loca
236 1677 378 1712 ardentia
389 1677 564 1718 transeunt,
575 1682 607 1714 δε
616 1679 656 1713 ab
666 1680 713 1715 his
724 1692 780 1726 per
789 1681 927 1727 longum
938 1679 1072 1726 spatium
1083 1690 1171 1713 terrae
1185 1688 1409 1725 procurrentes
1421 1675 1595 1723 refrigerati
1608 1676 1800 1722 perueniunt
1809 1674 1902 1721 supra

156 1738 283 1764 terram,
296 1725 419 1773 sapore,
431 1728 534 1762 odore
551 1728 712 1775 ,colorec'l;
723 1740 879 1774 corrupto
890 1753 899 1768 ‚
910 1730 956 1762 uti
967 1729 999 1762 in
1016 1727 1200 1773 Tyburtina
1210 1728 1261 1761 uia
1274 1725 1394 1760 flumen
1406 1725 1572 1763 Albula‚&
1583 1726 1614 1759 in
1632 1724 1812 1759 Ardeatino
1824 1723 1904 1758 fon-

156 1787 204 1810 tes
212 1773 323 1822 frigidi
342 1776 457 1810 eodem
470 1776 572 1811 odore
583 1800 591 1813 ‚
601 1777 655 1822 qui
666 1774 837 1822 sulphurati
854 1777 1050 1814 dicuntum&
1061 1775 1189 1822 reliquis
1200 1776 1281 1810 locis
1291 1774 1444 1810 similibus
1455 1799 1464 1808 .
1492 1773 1539 1807 Hi
1558 1785 1665 1808 autern
1683 1786 1756 1807 cum
1777 1772 1838 1806 sint
1849 1772 1905 1807 fri-

157 1823 484 1871 gidi‚ide0uidentur
504 1823 628 1870 :ispe-Ciu
640 1822 779 1862 feruere,
790 1824 881 1872 quod
892 1826 1008 1859 cumin
1018 1825 1182 1859 ardentem
1202 1825 1311 1858 locum
1329 1824 1392 1857 alte
1409 1823 1536 1869 penitus
1552 1822 1734 1857 inciderunt
1751 1821 1902 1858 humore,

157 1873 268 1919 &igni
280 1872 400 1908 interse
411 1873 665 1918 congruentibus
676 1872 798 1912 offensi,
808 1874 989 1909 uehementi
1001 1872 1128 1921 fragore
1140 1872 1266 1907 ualidos
1285 1873 1319 1906 in
1329 1871 1357 1907 se
1367 1872 1522 1918 recipiunt
1538 1869 1664 1917 spiritus
1675 1873 1727 1909 ,&
1744 1871 1788 1904 ita
1805 1869 1906 1904 inflati

158 1922 191 1956 ui
202 1922 288 1955 uenti
299 1922 404 1956 εοαᾶἰ
415 1921 583 1955 bullientes
603 1922 712 1956 crebre
723 1934 778 1968 per
788 1921 893 1956 fontes
903 1921 1125 1970 egrediuntur,
1135 1934 1171 1955 ex
1183 1921 1230 1955 his
1239 1932 1348 1955 autem
1358 1921 1413 1968 qui
1424 1932 1493 1955 non
1509 1918 1578 1953 sunt
1587 1920 1708 1966 aperti,
1728 1917 1778 1953 sed
1795 1930 1850 1953 aut
1861 1916 1908 1954 sa-

158 1970 206 2004 xis
216 1994 225 2009 ‚
236 1981 289 2003 aut
299 1971 355 2005 alia
374 1971 404 2004 ui
414 1970 599 2004 detinentur
608 1983 663 2017 per
671 1972 817 2018 angustas
828 1984 922 2006 uenas
934 1970 1134 2005 uehementia
1145 1968 1272 2016 spiritus
1282 1968 1544 2004 extrudunturad
1556 1965 1698 2002 summos
1709 1980 1902 2015 grumorum

158 2019 316 2056 tumulos,
329 2019 436 2067 itaque
447 2020 501 2066 qui
514 2030 626 2066 putant
637 2030 722 2053 tanta
733 2019 761 2054 se
771 2019 950 2059 altitudine,
961 2033 1022 2067 qua
1032 2019 1102 2053 sunt
1112 2019 1219 2066 grumi
1230 2043 1240 2057 ‚
1252 2019 1353 2064 capita
1365 2015 1504 2051 fontium
1516 2017 1601 2064 posse
1611 2017 1737 2055 habere,
1748 2028 1822 2050 cum
1832 2029 1908 2063 ape-

159 2068 248 2102 riunt
260 2064 392 2102 fossuras
411 2068 521 2106 latius,
533 2068 753 2114 decipiuntur.
767 2070 918 2115 Namque
929 2070 1107 2103 utiaeneum
1128 2080 1180 2101 uas
1198 2079 1267 2101 non
1279 2069 1311 2101 in
1329 2065 1460 2100 summis
1474 2065 1567 2099 labris
1584 2066 1712 2112 plenum
1725 2090 1734 2104 ,
1747 2063 1799 2098 sed
1816 2076 1906 2111 aquae

161 2115 337 2150 mensuram
355 2115 414 2150 suae
426 2118 607 2163 capacitatis
618 2117 734 2150 habens
744 2130 761 2151 e
777 2117 877 2151 tribus
887 2118 963 2151 duas
975 2127 1089 2164 partes,
1098 2115 1324 2163 operculumc'33
1336 2117 1367 2149 in
1385 2127 1425 2148 eo
1442 2115 1640 2148 collocatum
1651 2126 1725 2148 cum
1746 2114 1831 2160 ignis
1843 2126 1907 2146 ue·-

160 2165 305 2201 hementi
322 2163 448 2199 feruore
467 2177 616 2212 tangatur
625 2188 635 2203 ‚
648 2165 837 2210 percalefieri
856 2167 947 2213 cogit
964 2178 1080 2213 aquam
1091 2189 1100 2204 ,
1112 2177 1147 2198 ea
1165 2175 1271 2200 autem
1290 2175 1424 2212 propter
1443 2163 1617 2196 naturalem
1637 2163 1797 2196 raritatem
1824 2163 1856 2196 in
1876 2161 1906 2196 se

163 2214 316 2259 recipiens
328 2212 462 2248 feruoris
474 2214 608 2248 ualidam
618 2213 819 2249 inflationem
829 2238 839 2253 ‚
851 2228 916 2249 non
928 2215 1031 2250 modo
1042 2215 1157 2260 implet
1168 2227 1234 2253 uas,
1246 2211 1298 2248 sed
1309 2211 1468 2259 spiritibus
1493 2212 1650 2245 extollens
1660 2212 1861 2257 operculum,
1873 2215 1907 2245 &

162 2260 302 2296 crescens
310 2261 465 2300 abundat,
475 2261 599 2297 sublato
609 2274 716 2296 autem
728 2265 885 2309 operculo
895 2263 1012 2298 emissis
1023 2262 1246 2296 inflationibus
1257 2263 1289 2296 in
1299 2273 1369 2295 aere
1380 2260 1520 2307 patenti,
1531 2259 1632 2294 rursus
1641 2260 1681 2294 ad
1693 2257 1782 2293 suum
1794 2261 1905 2294 locum

162 2310 274 2344 rcfidet
285 2336 294 2344 .
322 2311 374 2344 Ad
384 2311 520 2345 eundem
534 2313 668 2346 modum
690 2314 790 2358 capita
802 2312 940 2346 fontium
952 2338 962 2351 ‚
973 2325 1048 2346 c-um
1066 2309 1136 2345 sunt
1151 2310 1303 2357 angustijs
1314 2307 1502 2356 compressa,
1517 2321 1614 2343 ruunt
1632 2313 1663 2343 in
1682 2307 1808 2342 summo
1817 2307 1906 2354 spiri-

163 2370 214 2393 tus
223 2370 310 2404 aquae
328 2358 683 2407 bullitus;firnulatque
695 2362 787 2395 latius
796 2360 867 2396 sunt
883 2362 983 2407 aperti
1001 2361 1150 2395 exinaniti
1160 2371 1218 2407 per
1227 2362 1388 2394 raritatem
1409 2357 1535 2407 liquidae
1555 2357 1719 2405 potcstatis
1730 2380 1739 2395 ‚
1752 2356 1901 2397 residunt,

163 2411 195 2442 δι
210 2407 459 2443 restituunturin
470 2410 648 2444 libramenti
661 2409 703 2442 sui
725 2412 954 2456 proprietatem
967 2435 977 2444 .

212 2462 320 2491 Monet
334 2456 465 2504 aliquos,
474 2460 524 2504 qui
527 2460 659 2501 fontium
668 2462 768 2506 capita
778 2458 908 2496 librant,
920 2471 976 2493 non
982 2459 1098 2506 semper
1114 2457 1282 2494 librationis
1301 2467 1374 2505 opus
1382 2456 1422 2491 ab
1440 2455 1509 2503 ipsis
1524 2454 1674 2502 capitibus
1689 2456 1884 2490 inchoandum
1893 2479 1905 2494 ‚

164 2517 233 2540 nam
237 2506 313 2552 [πρε
319 2506 369 2548 fit,
383 2515 415 2540 ut
424 2507 683 2553 quoi-unifontium
692 2511 792 2555 capita
802 2510 937 2542 uidentur
945 2508 1000 2552 effe
1007 2510 1037 2542 in
1039 2507 1162 2552 fiammis
1170 2506 1330 2544 montibus,
1341 2518 1414 2553 quos
1416 2516 1541 2551 grumos
1552 2514 1654 2542 uocat,
1665 2516 1698 2538 re
1706 2517 1777 2539 uera
1785 2505 1907 2548 nonsint

166 2553 219 2592 ibi,
231 2555 303 2588 licet
312 2553 432 2589 ebullire
445 2554 497 2593 ibi,
506 2562 546 2595 <40-
556 2565 708 2603 erumpere
715 2558 873 2590 uideantur
881 2579 891 2594 ,
902 2558 980 2604 quod
987 2569 1020 2591 eo
1030 2559 1233 2604 experimento
1242 2555 1421 2602 dignoscitur
1430 2576 1440 2591 ,
1450 2552 1551 2596 namsi
1557 2555 1623 2600 quis
1630 2552 1712 2587 latus
1719 2553 1908 2600 aperiatfos-

93 2596 137 2633 5⁰
158 2603 239 2646 suris
251 2602 469 2649 patentioribus
480 2604 585 2649 refidet
603 2616 755 2652 aquamy-
767 2614 913 2652 tanquam
931 2606 1085 2649 deferueat
1102 2607 1141 2639 ad
1142 2605 1189 2647 sui
1207 2604 1418 2640 libramentum
1437 2605 1537 2636 uenit.
1564 2604 1743 2635 Extruditur
1761 2610 1860 2635 autem
1869 2603 1910 2635 ad

166 2663 233 2685 eam
245 2650 435 2686 altitudinem
448 2653 634 2687 uelsenientia
645 2656 779 2700 concepti
783 2655 903 2700 spiritus
910 2676 919 2690 ,
930 2660 971 2693 ξφ
976 2663 1033 2700 per
1040 2653 1179 2700 angustam
1188 2666 1277 2688 uenas
1285 2654 1463 2699 exprimitur
1471 2665 1484 2685 .·
1491 2662 1558 2685 cum
1564 2661 1634 2684 uero
1642 2649 1804 2688 dilatatur,
1815 2651 1909 2697 quie-

162 2700 220 2744 scit
232 2701 272 2733 ad
281 2712 363 2746 aqua
373 2703 642 2746 modumferuentis
651 2703 679 2735 in
688 2701 779 2736 libere
789 2702 928 2750 operculo
937 2703 1062 2737 detecto.

222 2748 342 2782 Omnis
351 2760 456 2783 autem
466 2763 547 2796 aqua
558 2750 656 2785 calida
668 2775 678 2788 ,
688 2750 764 2784 ideo
773 2751 902 2797 quidem
914 2749 959 2784 est
969 2750 1247 2788 medicamentosa,
1258 2749 1345 2796 quod
1356 2749 1387 2783 in
1399 2748 1522 2796 praeuijs
1532 2746 1624 2781 rebus
1640 2745 1786 2792 perco&a
1795 2769 1805 2784 ,
1815 2747 1909 2782 aliam

169 2797 322 2832 uirtutem
335 2799 448 2844 recipit
460 2800 498 2832 ad
512 2799 614 2834 usum.
656 2802 792 2834 ‘Praeuiac
804 2811 850 2833 res
859 2800 994 2845 intelligit
1003 2811 1057 2834 eas
1065 2822 1075 2838 ‚
1085 2812 1165 2847 quas·
1173 2812 1252 2847 aqua
1261 2799 1399 2845 offendit,
1410 2795 1528 2844 priu5q5
1538 2805 1646 2833 exeat,
1656 2801 1696 2834 ἕν
1704 2805 1839 2842 erumpat
1849 2821 1858 2830 .

217 2847 390 2888 NAMQ'E
420 2847 592 2892 sulphurosi
610 2846 717 2881 fontes
729 2848 1037 2881 neruorumlabores
1051 2849 1195 2882 reficiunt
1208 2844 1713 2894 percalefaciendo,exugendoc'ss
1725 2844 1882 2878 caloribus
1893 2857 1911 2879 e

168 2894 361 2942 corporibus
372 2895 522 2930 humores
532 2895 662 2930 uitiosos
671 2921 681 2931 .
698 2895 880 2931 Aluminofi
890 2907 997 2930 autem
1006 2908 1080 2929 cum
1090 2895 1235 2931 dissoluta
1247 2894 1389 2930 membra
1400 2905 1577 2938 corporum
1588 2893 1713 2940 paralysi
1723 2915 1731 2931 ,
1741 2903 1797 2926 aut
1806 2894 1912 2939 aliqua

169 2944 203 2977 ui
221 2943 328 2977 morbi
340 2956 525 2988 receperunt
534 2969 543 2982 ,
554 2943 699 2980 fouendo
717 2957 773 2992 per
790 2954 935 2992 patentes
953 2956 1052 2978 uenas
1069 2944 1345 2992 refrigerationem
1366 2943 1526 2976 contraria
1544 2942 1658 2980 caloris
1676 2943 1728 2980 ui,
1747 2940 1908 2980 reficiunt,

169 2996 202 3027 &
211 3005 247 3027 ex
257 2993 322 3027 hoc
332 2994 537 3027 continenter
546 2992 755 3028 restituuntur
764 2995 795 3028 in
805 2994 968 3040 antiquam
980 2994 1201 3027 membrorum
1213 2992 1412 3027 curationem
1423 3017 1433 3026 .
1460 2990 1651 3024 Bituminofi
1662 3003 1767 3024 autem
1777 2991 1910 3024 interio—

171 3041 212 3075 ris
223 3043 369 3088 corporis
380 3042 455 3075 uitia
467 3042 657 3085 potionibus
667 3043 836 3089 purgando
847 3040 951 3077 solent
970 3042 1102 3077 mederi.
1112 3042 1169 3078 Est
1186 3053 1294 3076 autem
1312 3053 1401 3086 aquae
1419 3038 1543 3087 frigidae
1554 3052 1655 3086 genus
1674 3037 1828 3073 nitrosum
1840 3060 1849 3075 ,
1862 3039 1909 3072 uti

124 3084 145 3108 0
171 3091 280 3124 Pinna:
291 3089 690 3140 Vestinae,Cutilijs,alijsq;
700 3092 782 3127 locis
792 3091 1051 3139 fimilibus‚quod
1060 3090 1251 3139 potionibus
1261 3089 1415 3137 depurgat
1422 3101 1478 3137 per
1487 3087 1632 3134 alumi„
1644 3086 1912 3122 transeundo‚etiii

171 3138 364 3174 strumarum
381 3140 498 3178 minuit
507 3150 664 3176 tumores.
1602 3137 1634 3170 Y
1780 3141 1811 3172 V
1812 3133 1912 3179 essinos
