2195 3313
783 40 1192 81 PRIMVS.
1778 56 1814 91 13

111 110 158 145 fir
178 117 224 143 ere
230 129 241 145 ,
246 106 399 151 fluminum
407 103 507 148 curfits
515 104 637 149 dirigere
649 124 661 141 n
666 113 772 151 portus
779 108 893 140 munire
899 128 910 145 .
914 114 1023 152 pontes
1039 110 1186 154 traiicere.
1197 121 1235 143 ac
1242 111 1357 143 demum
1366 118 1504 145 naturam
1511 110 1601 158 ipsam
1609 113 1725 147 uincere
1733 116 1761 147 in
1770 114 1817 147 his

111 171 145 193 re
165 169 209 194 us,
217 158 246 190 in
254 154 361 202 quibus
368 163 475 188 natura
485 164 537 187 nos
544 154 636 186 uincit
642 175 653 190 ‚
662 155 799 188 immania
804 156 934 201 pondera
942 154 1065 189 leuando
1070 156 1249 202 ponderibus
1255 160 1385 192 adiec'lis:
1395 172 1433 193 ac
1441 161 1555 194 demum
1562 162 1662 195 innato
1671 165 1818 195 aeternita-¹

108 207 149 240 tis
155 204 290 248 desiderio
294 212 383 251 parte
391 203 518 249 quadam
519 199 739 244 satisfizciendo,
745 205 924 248 prouincias,
935 215 1027 249 regna
1036 225 1046 240 ,
1059 211 1099 243 (φ
1110 204 1210 238 orbem
1225 207 1347 253 denique
1361 208 1522 250 uniuersum
1529 211 1697 243 exornando
1708 225 1719 244 :
1726 222 1817 257 quare

103 252 155 296 fit,
162 261 195 286 ut
204 253 239 286 de
247 251 465 288 Architel'iura
473 248 566 283 multa
574 251 670 282 animo
676 252 789 296 potius,
797 250 885 298 quclm
895 255 1026 286 oratione
1033 252 1167 299 consequi
1168 253 1315 299 poffimus.
1319 255 1371 296 sed
1377 267 1412 288 ne
1421 257 1555 290 uideatur
1563 258 1729 301 iinmenfiim
1737 259 1817 295 illud,

108 312 146 334 ac
150 309 243 347 prope
250 299 394 342 infinitum
404 300 483 346 quod
489 304 520 332 V
520 300 570 331 itr.
581 299 663 334 dicit,
672 307 789 332 tantam
797 301 1051 339 dossrinarurm&
1058 304 1168 334 artium
1177 303 1351 336 uarietatem
1361 302 1472 337 habere
1479 304 1585 339 debere
1591 307 1818 341 Architellum.

105 349 168 383 ideo
175 350 295 395 ponitur
303 348 350 382 hic
367 360 402 382 ea
410 340 532 395 quaesiio,
541 358 600 392 qua
604 345 800 393 pr.efiribitur
808 356 953 394 quatenus
961 361 1062 382 earum
1061 349 1250 391 scientiarum
1257 353 1362 384 notitia
1365 351 1406 394 fit
1414 350 1658 400 liabenda,inquit
1665 357 1768 400 igitur.

154 399 208 430 Ar
221 394 347 430 fortasse
359 397 473 429 mirum
485 394 645 429 uidebitur
654 396 809 440 imperitis
819 396 1005 431 hominibus
1015 396 1099 442 posse
1109 408 1252 432 naturam
1270 409 1394 433 tantum
1410 411 1577 433 numerum
1599 402 1819 438 doctrinarum

104 443 323 492 perdiscere,&
332 444 485 478 memoria
496 443 746 481 continere,cum
756 455 861 478 autem
871 445 1151 480 animaduerterint
1160 458 1273 480 omnes
1291 444 1468 494 disciplinas
1478 448 1560 481 inter
1578 447 1606 481 se
1616 451 1821 486 coniunctio-

107 506 179 527 nem
191 505 305 530 rerum,
316 495 346 527 &
358 492 685 526 communicationem
697 491 821 530 habere,
830 492 898 527 fieri
908 493 994 540 posse
1003 492 1138 528 faciliter
1147 495 1475 542 credeturzEncyclios
1485 497 1568 529 enim
1579 494 1742 543 disciplina
1752 523 1761 536 ‚
1774 501 1821 534 uti

105 554 220 588 corpus
230 553 330 576 unum
339 554 375 575 ex
385 541 432 575 his
443 539 593 573 membris
612 538 656 572 est
667 540 845 586 composita
856 565 864 575 .
882 545 994 589 Itaque
1012 543 1067 588 qui
1084 556 1099 576 a
1118 544 1231 577 teneris
1252 544 1396 578 aetatibus
1414 543 1646 578 eruditionibus
1664 549 1755 591 uariJs
1773 549 1819 582 in.

104 590 264 624 struuntur
273 589 424 623 omnibus
434 589 528 623 literis
544 585 720 635 agnoscunt
730 587 853 624 easdem
862 601 966 630 notas,
977 592 1345 639 communicationemq;
1365 593 1511 626 omnium
1524 590 1773 640 disciplinarum,
1784 601 1816 631 &

103 650 138 672 ea
149 650 180 672 re
188 636 307 672 facilius
318 638 426 672 omnia
435 636 644 685 cognoscent.

151 692 248 738 obiici
266 698 296 728 V
296 694 403 726 itruuio
407 700 540 741 poterat,
545 692 613 734 fieri
630 702 686 725 non
693 687 772 737 poffi:
780 688 909 723 homines
917 697 964 723 tot
972 688 1136 736 disciplinis,
1145 688 1521 737 &scientissinflruipoffe‚
1534 702 1693 738 earumque
1707 703 1818 726 memo-

103 744 178 776 riam
186 743 329 775 continere
339 751 411 788 quot
421 741 556 788 fiiperius
563 741 882 784 enumerauitxnamque
890 739 933 771 rei
941 738 1061 784 effecius
1068 739 1114 772 ille
1121 748 1177 771 non
1186 740 1369 776 datumcuius
1377 739 1454 772 nulla
1462 739 1548 782 causa
1552 739 1682 786 prestari
1684 739 1821 786 poteft‚et

101 792 165 824 ideo
174 798 220 824 tot
227 789 370 832 ficientiu-
382 790 527 824 hominem
533 788 707 837 perdiscere,
716 797 872 833 earumque
879 788 1049 820 memoriam
1057 788 1205 820 continere
1222 798 1279 820 non
1284 786 1374 832 posse,
1384 789 1453 834 quia
1469 790 1546 821 ratio
1557 793 1597 827 ά·
1615 789 1701 831 causa
1709 788 1819 830 deficit.

102 840 191 882 &itio
201 847 300 872 autem
311 837 348 880 eli
356 841 457 872 anima
464 841 509 872 uis
520 841 673 884 impotens,
684 834 953 882 &imbecillasquae
963 840 1003 874 ξφ
1021 834 1208 868 multitudine
1216 841 1257 874 ὠν
1271 835 1462 882 amplitudine
1469 847 1567 868 rerum
1588 835 1739 872 obuuitur.
1756 844 1820 881 Q-

96 888 216 933 spondet
226 892 256 921 V
256 889 390 921 ito-unius.
400 889 429 921 id
431 887 499 930 fieri
505 886 582 934 poffi:
591 888 673 921 cuius
679 885 782 918 modus
791 882 828 925 eft
836 882 954 930 aliquis,
964 883 1060 931 ideoq;
1071 882 1201 917 homines
1210 892 1256 917 tot
1258 883 1406 925 scientias
1414 884 1532 930 adipzfii
1542 889 1582 923 ῤ’*
1589 888 1731 919 memoriae
1738 897 1820 920 com·

100 936 236 969 mendare
249 934 329 982 poffe
340 958 350 973 ‚
364 938 434 983 quia
460 947 517 969 non
527 935 624 979 solum
644 935 709 968 eim
734 935 777 966 rei
793 933 896 966 modus
898 932 941 975 fit
948 931 1067 979 aliquis,
1070 931 1122 974 sed
1130 934 1218 965 etiam
1226 933 1301 965 idern
1310 934 1411 966 modus
1419 930 1456 972 esi
1464 931 1793 980 fizcilis&expeditus.

99 995 167 1018 nam
175 984 369 1027 cunifhientiae
379 996 478 1018 omnes
486 986 724 1018 communitatem
733 983 880 1028 quandam
888 992 986 1015 rerum
992 982 1068 1014 inter
1071 980 1104 1022 se
1113 978 1245 1013 habeant
1252 1002 1263 1017 ‚
1273 985 1313 1018 ίῳ
1323 978 1495 1026 quibusdam
1504 979 1742 1022 similitudinibus
1750 991 1819 1017 tan-

52 1020 73 1042 ⁰
99 1044 188 1079 quam
198 1035 226 1066 in
236 1031 336 1066 orbem
344 1033 566 1070 concludantur,
575 1031 640 1074 fieri
646 1029 750 1078 potest,
758 1039 791 1064 ut
799 1031 850 1078 qui
864 1030 999 1063 ateneris
1006 1031 1090 1062 annis
1105 1031 1134 1062 in
1153 1028 1210 1062 illis
1221 1028 1254 1071 se
1270 1030 1436 1062 exercuerit
1454 1039 1519 1062 eam
1529 1028 1748 1071 fimilitudinem
1758 1052 1767 1068 ,
1777 1037 1819 1071 &-

101 1083 331 1114 communionem
337 1081 488 1126 agnoscat‚
497 1079 710 1129 dec'13'fimilibus
719 1077 808 1113 rebus
814 1079 889 1112 idem
896 1079 1032 1112 iudicium
1033 1075 1240 1121 fficiat‚quare
1248 1078 1390 1110 terminus
1406 1074 1443 1117 est
1451 1098 1461 1118 ‚
1472 1080 1512 1114 ψ
1524 1075 1674 1118 sobrietas
1691 1081 1820 1126 quiedam

99 1130 121 1173 ζ
131 1138 164 1163 ut
172 1131 215 1162 ita
225 1131 320 1163 dicam
326 1131 345 1172 )
350 1131 469 1173 sitiendi,
478 1142 535 1177 quo
539 1128 660 1176 praefixo
670 1127 821 1162 commode*
828 1125 1016 1162 omnium,uel
1020 1125 1218 1172 plurimarum
1218 1125 1409 1168 scientiarum
1413 1126 1576 1171 participes
1585 1124 1652 1165 fieri
1658 1127 1816 1171 poffinnus.

98 1179 219 1211 Interim
229 1178 448 1224 reprehenditur
455 1177 583 1224 Pythius
589 1177 799 1214 Architecius,
804 1177 855 1222 qui
871 1174 926 1209 hos
934 1176 1072 1209 terminos
1080 1185 1136 1208 non
1145 1175 1267 1219 agnouit
1276 1188 1287 1208 .·
1292 1171 1390 1221 postea
1399 1172 1591 1216 confirmatur
1603 1172 1751 1216 sententia
1761 1178 1818 1211 Vi-

97 1228 237 1260 truuiana
243 1227 389 1273 exemplis·
394 1249 404 1264 ,
409 1232 449 1266 (φ
457 1225 622 1260 rationibus
629 1225 869 1260 accommodatis.

147 1277 319 1313 IDEOQvE
340 1275 380 1309 dc
392 1274 550 1309 ueteribus
569 1274 767 1317 Architeftis)
778 1273 906 1318 Pythius
916 1295 926 1310 ,
937 1272 992 1319 qui
1004 1273 1121 1307 Prienae
1131 1271 1230 1307 aedem
1242 1272 1396 1307 Mineruae
1408 1270 1559 1306 nobiliter
1570 1271 1614 1306 est
1624 1271 1821 1306 Architeeia-

98 1334 148 1358 tus
157 1347 166 1362 ,
176 1325 219 1358 ait
229 1323 261 1357 in
270 1322 329 1357 suis
338 1324 575 1367 commentariis
584 1347 594 1357 .
622 1321 845 1356 Architectum
856 1323 1007 1356 omuibus
1016 1322 1135 1355 artibus
1147 1345 1156 1360 ‚
1167 1325 1198 1355 &
1209 1321 1364 1355 doctrinis
1384 1321 1452 1365 plus
1469 1331 1621 1366 oportere
1640 1319 1726 1366 poffe
1737 1319 1820 1355 facc-

98 1384 131 1405 re
140 1397 150 1411 ‚
162 1371 257 1419 quim
267 1372 321 1418 qui
332 1371 465 1419 singulas
475 1383 522 1405 res
532 1369 760 1414 suisindustrijs
771 1393 782 1406 ,
795 1374 827 1404 &
837 1370 1115 1404 exercitationibus
1126 1371 1165 1404 ad
1176 1370 1329 1404 summam
1349 1370 1522 1402 claritatem
1542 1372 1755 1416 perduxerunt
1765 1394 1774 1403 .
1787 1371 1819 1403 id

97 1431 201 1454 autem
222 1431 254 1453 re
275 1432 345 1453 non
363 1420 527 1467 expeditur
537 1442 548 1459 ‚
565 1432 632 1454 non
650 1421 736 1453 enim
746 1419 839 1453 debet
849 1441 858 1455 ‚
868 1430 925 1452 nec
933 1418 1037 1465 potest
1044 1416 1103 1452 effe
1115 1418 1317 1453 Architec‘tus
1333 1418 1572 1451 Grammaticus
1584 1418 1629 1451 uti
1646 1416 1739 1452 fuerit
1751 1420 1822 1452 Ari-

97 1466 237 1502 starchus
248 1492 259 1507 ‚
269 1467 320 1502 sed
337 1480 405 1503 non
422 1479 653 1515 agramma-tOS,
663 1480 720 1502 nec
732 1467 871 1502 Musteus
881 1491 891 1506 ,
901 1478 936 1501 ut
945 1467 1154 1501 Aristoxenus
1164 1491 1172 1506 ‚
1185 1466 1234 1501 sed
1245 1480 1311 1501 non
1324 1466 1468 1502 Amusos‚
1478 1478 1533 1499 nec
1546 1465 1664 1503 Pictor,
1676 1477 1711 1500 ut
1721 1468 1821 1512 Apel-

96 1517 139 1550 les
148 1539 158 1554 ‚
168 1516 413 1563 schraphidos
422 1530 488 1551 non
497 1518 660 1565 imperitus
668 1541 678 1557 ‚
691 1528 749 1551 nec
772 1514 887 1550 Plastes
904 1516 1179 1562 quemadmodum
1200 1517 1311 1550 Miron
1320 1538 1330 1553 ‚
1342 1514 1390 1548 seu
1409 1515 1589 1558 Polycletus
1599 1536 1609 1551 ‚
1620 1514 1671 1548 sed
1689 1515 1821 1548 rationis

95 1564 235 1599 Plasticae
244 1565 466 1613 nonignaruS,
475 1578 534 1601 nec
546 1565 654 1600 denuo
665 1565 808 1600 medicus
818 1589 828 1604 ,
838 1576 874 1598 ut
885 1566 1110 1613 Hyppocrates
1124 1586 1134 1602 ‚
1145 1564 1195 1600 sed
1207 1578 1274 1599 non
1295 1563 1541 1609 aniatrologitos
1552 1583 1562 1598 ‚
1572 1573 1631 1596 nee
1649 1565 1682 1596 in
1702 1564 1821 1597 exteris

89 1613 251 1648 ‘defirinis
269 1613 466 1661 singulariter
488 1616 643 1649 excellens
652 1637 663 1653 ‚
674 1613 766 1648 sedin
777 1614 823 1647 his
832 1625 899 1648 non
908 1614 1074 1660 imperitus
1086 1628 1093 1647 :
1104 1626 1169 1648 non
1180 1615 1264 1647 enim
1275 1614 1306 1646 in
1318 1613 1410 1647 tantis
1424 1623 1528 1644 rerum
1537 1610 1753 1650 uarietatibus,
1772 1613 1819 1646 ele

94 1662 216 1708 gantias
234 1661 403 1709 singulares
419 1661 548 1710 quisque
565 1662 716 1710 consequi
736 1661 841 1708 potest
850 1686 860 1702 ,
870 1662 959 1709 quod
976 1674 1084 1696 earum
1103 1663 1364 1695 ratiocinationes
1382 1657 1577 1706 cognoscere
1588 1684 1599 1698 ‚
1608 1662 1640 1693 δι’
1658 1660 1821 1705 percipere

94 1710 147 1743 uix
157 1710 240 1744 cadit
250 1710 282 1744 in
293 1711 481 1755 potestatem
494 1734 504 1745 .
529 1713 603 1745 Nec
612 1723 719 1745 tamen
728 1723 794 1744 non
804 1721 929 1744 tantum
947 1710 1123 1744 Architecti
1141 1722 1207 1744 non
1236 1708 1361 1756 possunt
1378 1709 1410 1742 in
1427 1707 1577 1741 omnibus
1593 1706 1686 1740 rebus
1707 1707 1820 1742 habere

95 1755 254 1791 summum
263 1757 413 1792 effchum
426 1783 435 1797 ,
445 1758 496 1792 sed
505 1760 599 1792 etiam
612 1759 666 1802 ipsi
677 1779 686 1794 ,
699 1759 753 1802 qui
764 1758 911 1802 priuatim
921 1758 1128 1802 proprietates
1139 1769 1248 1791 tenent
1257 1759 1373 1791 artium
1384 1781 1392 1796 ‚
1404 1768 1475 1790 non
1487 1754 1631 1790 efficiunt
1643 1776 1650 1792 ,
1663 1767 1696 1789 ut
1708 1756 1820 1790 habefit

96 1816 209 1838 omnes
220 1803 378 1840 summurn
387 1806 486 1840 laudis
499 1806 710 1851 principatum
724 1829 732 1839 .
745 1817 822 1851 ergo
835 1804 854 1838 fi
866 1804 898 1837 ln
915 1804 1043 1851 fingulis
1054 1806 1205 1839 doctrinis
1220 1805 1332 1852 singuli
1342 1804 1477 1838 artifices
1486 1828 1495 1843 ‚
1506 1816 1608 1849 neque
1616 1816 1729 1838 omnes
1750 1827 1760 1842 ‚
1771 1803 1821 1839 sed

95 1854 186 1898 pauci
199 1864 269 1887 aeuo
279 1865 436 1900 perpetuo
448 1854 648 1888 nobilitatem
668 1854 718 1887 uix
729 1851 1272 1899 suntconsecuti,quemadmodum
1291 1851 1396 1899 potest
1415 1852 1632 1890 Architectus,
1645 1854 1700 1899 qui
1721 1854 1821 1899 pluri-

94 1900 154 1934 bus
162 1901 283 1934 artibus
294 1901 389 1936 debet
399 1900 458 1935 effe
469 1902 585 1946 peritus
603 1914 671 1935 non
692 1899 826 1947 idipsum
846 1902 960 1934 mirum
971 1922 980 1938 ‚
990 1904 1021 1934 &
1039 1913 1192 1947 magnum
1209 1899 1311 1934 facete
1321 1925 1331 1939 ,
1339 1901 1458 1947 nequid
1478 1913 1513 1934 ex
1532 1901 1580 1935 his
1597 1902 1756 1947 indigeat,
1768 1901 1819 1935 sed

94 1948 209 1990 etiam«,
219 1959 254 1983 ut
262 1961 374 1983 omnes
389 1948 526 1984 artifices
536 1947 676 1995 superet,
687 1951 742 1996 qui
756 1949 881 1996 lingulis
895 1949 1051 1982 destrinis
1062 1949 1272 1983 assiduitatem
1286 1961 1357 1983 curn
1369 1949 1521 1983 industria
1531 1949 1650 1983 summa
1668 1949 1819 1995 praestite-

15 1984 65 2019 4⁰
95 2007 169 2031 runt
180 1997 299 2044 ?igitur
308 1998 343 2031 in
354 1997 410 2032 hac
420 2009 452 2031 re
463 1997 591 2043 Pythius
600 1996 709 2033 errasse
719 1998 845 2032 uidetur
854 2019 863 2034 ‚
873 1997 962 2043 quod
973 2010 1039 2033 non
1046 1997 1306 2031 animaduerterit
1337 2009 1372 2030 ex
1382 1996 1502 2030 duabus
1514 1997 1605 2030 rebus
1617 2022 1626 2030 .

140 2048 263 2089 Rationi
269 2047 491 2090 consentaneum
497 2049 590 2092 magis
597 2047 642 2081 eft
651 2069 660 2084 ‚
670 2047 815 2080 hominem
823 2057 910 2081 unum
914 2044 995 2092 p⁰ffi³
1002 2047 1041 2080 ad
1050 2048 1136 2080 unius
1153 2046 1279 2081 alicuius
1279 2046 1404 2089 scientiae
1417 2046 1530 2091 apicem
1550 2047 1701 2089 peruenire
1710 2068 1719 2083 ‚
1730 2046 1818 2093 qiiim

92 2093 273 2132 multarum,
282 2096 484 2130 rariussamen
492 2095 548 2129 hoc
565 2097 661 2129 euenit
671 2120 679 2129 .
707 2094 851 2141 Qarefit
859 2117 870 2131 ,
883 2104 917 2128 ut
926 2105 993 2134 cum
1001 2105 1058 2129 non
1070 2096 1189 2129 accidat
1201 2116 1212 2132 ‚
1223 2096 1302 2141 quoa'
1312 2095 1419 2129 rationi
1441 2095 1543 2138 magis,
1556 2093 1697 2136 consentit
1706 2116 1716 2131 ,
1726 2106 1818 2142 neque

92 2141 169 2175 illud
173 2145 287 2177 euenire
294 2145 406 2190 poterit
416 2166 427 2182 ‚
437 2145 506 2192 quid
515 2157 533 2177 a
540 2145 654 2178 ratione
662 2147 756 2189 magis
772 2142 855 2188 longe
863 2142 949 2177 abest
959 2167 968 2176 .
995 2145 1096 2188 Qare
1104 2143 1162 2177 hac
1177 2145 1206 2177 in
1224 2155 1257 2177 re
1266 2141 1396 2188 ‘Pythius
1403 2141 1509 2185 erraffi’
1526 2143 1641 2176 uidetur
1649 2164 1659 2179 s
1669 2145 1720 2188 qui
1735 2143 1817 2187 affir-

93 2192 223 2225 manserit
235 2197 274 2227 ,Α
274 2191 448 2226 rchiteft'um
453 2192 522 2240 plus
526 2192 606 2240 poffie
612 2194 753 2240 praestare
761 2215 770 2229 ,
779 2193 867 2238 quam
869 2191 978 2236 singuli
983 2192 1157 2238 praes‘iantes
1164 2191 1294 2233 artifices
1304 2193 1332 2223 in
1334 2189 1389 2233 fita
1408 2191 1526 2236 quisque
1541 2199 1608 2224 arte
1619 2205 1629 2223 .·
1636 2202 1689 2224 nec
1707 2189 1817 2224 oblitus

93 2239 139 2273 est
148 2245 178 2273 V
178 2241 230 2273 itr.
241 2252 340 2284 eorum
349 2263 359 2278 ‚
370 2242 524 2288 quaefiipra
534 2242 607 2275 dixit
616 2265 626 2275 .
653 2247 688 2276 In
697 2243 773 2275 omni
782 2252 813 2274 re
821 2263 831 2277 ‚
842 2247 882 2279 (φ
891 2242 1037 2287 praecipue
1044 2242 1073 2273 in
1081 2238 1427 2284 Architetlnraspetiari
1434 2239 1491 2271 duo
1505 2239 1554 2272 illa
1563 2237 1668 2272 debere
1677 2253 1687 2272 .·
1695 2238 1818 2286 quodfi-

85 2286 231 2332 gnificat,
241 2294 281 2328 ἐφ’
290 2291 367 2336 quod
368 2289 554 2336 significatur
563 2292 660 2324 :unde
670 2289 728 2323 hac
736 2289 919 2323 distini‘lione
936 2288 1047 2335 Pythio
1056 2298 1201 2334 repugnat
1212 2285 1353 2327 :modeste
1372 2295 1469 2320 tamen
1479 2308 1488 2323 ‚
1499 2288 1568 2320 dum
1577 2288 1684 2334 inquit.
1704 2289 1817 2332 {igitur

89 2337 121 2368 in
133 2335 190 2370 hac
200 2340 273 2378 re.}
299 2340 354 2372 Sed
371 2341 463 2373 nonin
470 2338 566 2385 alijs(
574 2337 822 2382 excellentzffimus
837 2339 913 2371 enim
921 2345 987 2370 erat
1004 2335 1369 2381 Architeffus)‘1³ytl2ius
1384 2333 1492 2378 erraffe
1509 2337 1625 2369 uidetur
1635 2356 1645 2372 ,
1668 2346 1725 2368 non
1739 2337 1817 2369 dixit

90 2387 223 2422 errauit,
233 2386 530 2434 addiditffirationem
541 2391 554 2432 {
565 2389 644 2434 qnod
652 2398 709 2420 non
717 2387 978 2427 animaduerterit}
990 2391 1030 2424 &¹
1043 2383 1158 2431 reliqua
1170 2408 1178 2418 .
1188 2386 1220 2418 in
1230 2383 1329 2418 uerbis
1338 2392 1437 2417 autem
1446 2384 1563 2417 uidetur
1582 2389 1612 2418 V
1613 2384 1737 2417 itruuius
1745 2382 1817 2429 scip

64 2475 66 2478 v
83 2430 151 2474 fiam
160 2443 306 2480 exponere
315 2437 385 2481 quid
389 2446 442 2482 per
450 2436 553 2470 literas
560 2457 570 2473 ‚
575 2435 753 2484 graphidem
764 2456 774 2472 ,
786 2440 825 2474 &⁴
834 2433 997 2478 huiusmodi
1003 2432 1064 2468 alia
1072 2431 1165 2467 uerba
1173 2434 1317 2467 intellexit
1326 2456 1335 2466 .
1362 2434 1582 2468 Grammaticen
1593 2432 1667 2466 enim
1678 2438 1719 2472 (¹5⁸
1726 2432 1817 2466 Ῥίὲῗιι

38 2471 63 2493 '⁰
92 2491 158 2514 ram
166 2482 313 2517 intellexit
322 2484 388 2527 ,Ιὲιί
395 2483 506 2519 leuiora
513 2484 584 2518 haec.

139 2540 252 2589 Qon
272 2548 339 2578 non
348 2543 605 2578 animaduerterit
613 2555 649 2576 ex
659 2542 781 2577 duabus
791 2541 883 2577 rebus
893 2541 1028 2589 lingulas
1036 2551 1116 2575 artes
1127 2539 1186 2574 effe
1195 2538 1389 2586 compositas
1399 2561 1409 2577 ‚
1419 2551 1456 2572 ex
1466 2550 1563 2585 opere
1574 2562 1584 2578 ,
1595 2543 1627 2573 &
1646 2551 1682 2572 ex
1694 2539 1758 2573 eius
1770 2550 1816 2572 ra-

89 2588 300 2626 tiocinatione
310 2616 320 2625 .
330 2603 366 2625 ex
377 2591 424 2625 his
433 2603 540 2627 autem
549 2592 649 2626 unurn'
659 2591 826 2637 proprium
835 2588 893 2625 esse
902 2602 1014 2625 eorum
1026 2611 1035 2627 ,
1044 2590 1098 2636 qui
1109 2589 1237 2635 singulis
1247 2588 1338 2621 rebus
1357 2587 1426 2621 sunt
1442 2588 1601 2621 exercitati
1611 2586 1689 2621 idest
1710 2587 1816 2633 operis

89 2633 224 2671 effectus
234 2641 371 2679 alterum
389 2643 449 2675 coe
462 2653 536 2675 cum
550 2639 701 2674 omnibus
718 2639 865 2673 doffisid
874 2639 917 2673 est
928 2638 1131 2673 ratiocinatio
1140 2658 1150 2674 2
1160 2647 1197 2671 ut
1207 2637 1355 2678 Medicis,
1369 2639 1400 2670 &
1412 2636 1541 2670 Muticis
1553 2660 1561 2675 ‚
1572 2640 1604 2670 &
1614 2636 1653 2670 de
1665 2647 1817 2669 uenarum

88 2683 210 2718 rithmo
219 2707 230 2724 s
239 2687 318 2721 &de
327 2680 445 2734 pedum
456 2699 550 2723 motu
560 2713 570 2728 ,
580 2692 611 2723 ἀ
622 2687 642 2722 fi
654 2688 768 2721 uulnus
780 2687 897 2721 mederi
907 2698 977 2726 ‚aut
987 2698 1106 2734 aegrum
1117 2686 1237 2732 eripere
1248 2685 1286 2720 de
1297 2685 1444 2730 periculo
1455 2685 1638 2730 oportuerit
1651 2708 1659 2722 ,
1671 2695 1737 2715 non
1765 2694 1816 2715 ac-

89 2732 183 2768 cedet
192 2734 345 2775 Muficus,
357 2734 409 2770 sed
419 2737 453 2772 id
461 2749 542 2784 opus
551 2737 717 2784 proprium
728 2736 789 2770 erit
801 2736 941 2770 Medici.
957 2736 1033 2769 item
1048 2735 1081 2769 in
1091 2745 1215 2780 organo
1227 2744 1294 2767 non
1303 2733 1453 2766 Medicus
1461 2757 1471 2771 ,
1481 2731 1531 2767 sed
1546 2731 1688 2765 Muficus
1700 2730 1816 2764 modu-

87 2780 208 2816 labitur
218 2806 226 2819 ,
237 2794 272 2817 ut
280 2795 367 2817 aures
376 2784 460 2819 suam
470 2785 673 2820 cantionibus
684 2784 836 2830 recipiant
845 2783 1086 2818 iucunditatem.
1461 2806 1466 2809 »
1651 2817 1653 2819 ,

137 2832 229 2876 Nulli
238 2830 358 2866 dubium
366 2854 376 2869 ‚
386 2833 492 2879 quodsi
501 2836 566 2882 quis
574 2834 619 2868 ef}
626 2844 738 2867 memor
745 2843 845 2867 eornm
853 2855 862 2870 ,
873 2844 941 2880 quae-
943 2832 1030 2879 supra
1039 2829 1188 2872 dift'asunt
1200 2831 1289 2875 ,Jquin
1301 2830 1444 2875 intelligat
1452 2851 1462 2866 ‚
1472 2840 1533 2875 quie
1542 2828 1590 2862 bic
1609 2831 1744 2862 dicuntur
1754 2827 1818 2870 ‚secl

82 2876 177 2922 finon
185 2880 344 2915 admodum
350 2884 515 2928 perceperit
527 2905 538 2920 ,
548 2884 618 2930 quid
619 2881 742 2926 ftzbrica
750 2880 793 2925 fit
803 2904 814 2919 ,
826 2887 866 2921 (φ
875 2882 946 2931 quid
953 2881 1141 2918 ratiocinatio
1148 2900 1159 2915 ‚
1169 2878 1238 2925 quid
1247 2889 1294 2910 res
1296 2877 1476 2924 significata,
1487 2879 1557 2923 quid
1565 2876 1743 2923 significans,
1752 2878 1816 2910 ani-

89 2928 260 2967 maduertat
266 2931 352 2964 modo
359 2929 399 2963 ad
408 2941 461 2967 ea,
470 2942 531 2977 quae
540 2942 615 2966 nunc
625 2931 790 2978 afferuntur
799 2951 808 2966 ‚
820 2934 860 2968 &-
880 2927 1024 2975 exemplis
1039 2926 1141 2961 multis
1158 2924 1369 2967 confirmantur
1378 2947 1388 2963 ,
1399 2931 1439 2965 &⁹
1457 2928 1553 2959 omnia
1564 2927 1710 2972 percipiet
1719 2947 1728 2961 ‚
1738 2925 1817 2957 uidc—

88 2972 167 3025 Iritq‘5
177 2981 409 3015 communionem
407 2976 600 3024 scientiarum
607 3002 617 3021 ,
631 2977 893 3027 &fiinilitudinem
901 2977 1099 3016 doctrimrum
1109 2999 1119 3010 .
1143 2978 1232 3023 Nam
1236 2975 1334 3022 primo
1344 2975 1507 3010 offenditur
1521 2974 1746 3064 communicati?
1757 2977 1816 3062 ‚sepw

293 3034 296 3037 ’
499 3029 502 3031 ’
537 3027 542 3031 ⁴
597 3032 601 3033 ⁷
636 3032 639 3035 ·
801 3041 804 3043 ·
920 3036 922 3038 ’
948 3034 952 3037 “
1035 3042 1041 3048 -
1196 3041 1200 3043 -
1333 3037 1341 3046 ⁴—
1548 3028 1571 3058 Β
1669 3031 1722 3055 con
1737 3030 1770 3052 en
1783 3030 1826 3051 ils.

33 529 77 552 10

24 1497 69 1532 30

1240 2517 1264 2529 -Ί

13 2954 60 2989 60
