2241 3318
753 141 1393 175 SEPTIMV5.·
1847 155 1914 192 247

219 214 369 264 Expositio
380 214 565 261 quorundam
577 210 792 248 uocabulorum
800 219 904 258 aperta
913 212 1017 246 reddet
1024 223 1060 246 ea
1069 234 1079 250 ‚
1090 224 1152 259 qua
1160 216 1271 248 decimo
1280 225 1348 262 cap.
1358 216 1495 251 dicuntur
1505 241 1514 250 .
1526 219 1702 253 Laconicum
1709 216 1747 259 esl
1755 218 1850 253 ueluti
1855 232 1909 253 ca-

169 274 284 301 merata
291 266 320 297 in
329 262 552 309 hemispherium
570 260 717 296 turricula
758 262 787 293 in
797 259 924 294 balneis.
936 259 985 294 hic
993 272 1032 295 ex
1039 260 1172 308 apposita
1182 285 1191 300 ,
1202 268 1244 301 (φ’
1251 262 1399 304 adslrubla
1401 266 1563 308 fornacula
1571 289 1581 303 ,
1590 266 1656 301 uult
1664 269 1693 300 in
1701 269 1731 301 id
1733 268 1851 310 fumum
1860 279 1908 302 re-

162 316 231 360 finae
240 313 347 356 deferri
350 306 368 349 ‘‚
379 312 454 345 unde
458 309 556 356 fuligo
564 333 574 348 ‚
585 307 653 351 idest
665 309 800 353 densatus
808 309 857 342 ille
859 308 962 352 fumus
967 307 1135 355 parietibus
1141 309 1267 344 laconici
1273 311 1422 346 adbaereat
1431 336 1441 350 ,
1453 315 1481 346 in
1492 325 1525 347 eo
1531 314 1570 354 fit
1578 323 1776 350 atramentum
1784 338 1793 353 ,
1803 318 1838 350 de
1846 328 1906 363 quo

167 365 257 397 etiam
265 360 348 395 Ptin.
358 359 434 394 libro
449 371 461 402 3
473 357 618 400 5.ca.7²lt.
644 362 864 394 atramentum
883 366 984 390 autem
992 356 1157 395 librarium,
1169 357 1402 405 &scriptorium
1412 363 1489 399 idem
1498 361 1535 402 eft
1546 387 1554 394 .
1573 363 1724 397 Glutinum
1726 363 1765 405 fit
1770 364 1907 411 praestan-

166 412 314 454 tissimum‚
325 418 359 443 itt
367 410 412 442 ait
423 407 505 443 Plin.
524 405 579 441 lib.
608 406 662 450 38.
691 415 758 453 cap.
793 417 846 439 ιο.
872 417 911 439 ex
919 414 1073 439 taurorum
1080 405 1256 445 auribun&
1260 407 1445 451 genitalibus
1454 410 1638 444 :adulterari
1646 424 1715 445 uero
1732 412 1906 459 quibusdam

162 456 290 506 pellibus
298 458 482 494 inueteratis,
494 454 699 490 calciamentis
709 457 798 489 etiam
807 453 945 488 decoctis.
969 453 1050 489 ,Alia
1056 454 1169 500 glutini
1177 456 1338 490 traduntur
1340 468 1454 502 genera
1463 480 1473 495 ,
1483 459 1605 492 collec‘la
1614 472 1633 492 a
1641 460 1725 494 Phil.
1735 464 1804 495 auri
1815 461 1907 508 chry,-

161 506 285 551 fimella,
289 507 368 551 ferri
377 505 483 550 argilla
493 525 503 541 ‚
517 514 658 538 aerearum
665 503 824 547 maffizrum
841 504 959 537 cadmia
968 525 979 540 ,
989 502 1167 537 laminarum
1183 502 1303 537 alumen
1312 527 1322 543 ‚
1333 515 1554 540 aramentorum
1564 505 1837 547 slatomurn‚§'tanni
1842 522 1904 544 ar—

159 564 287 601 gentum
297 577 308 592 ,
320 554 488 589 marmoris,
500 557 541 591 &⁹
549 550 664 599 plumbi
672 550 776 595 resina,
785 549 899 599 plumbi
905 550 969 586 albi
981 549 1094 589 album,
1104 553 1181 597 nigri
1195 550 1298 586 album
1317 553 1391 587 oleo.
1420 557 1584 588 Marmoris
1602 564 1702 589 autem
1709 556 1860 592 lithocolla
1863 557 1904 599 fit

165 616 205 639 ex
213 603 339 646 eiufiiem
348 602 504 635 marmoris
513 609 567 634 aut
575 599 682 646 lapidis
686 599 821 647 puluere,
836 611 902 634 cum
910 602 991 634 tauri
999 600 1120 645 glutino
1130 624 1140 634 .
1152 605 1308 636 Sarmenta
1326 614 1407 639 uero,
1417 611 1471 636 aut
1480 604 1550 636 teda
1558 602 1904 650 schidiaefimtftagmem

93 638 137 668 fo
165 658 255 692 tiu&
263 650 356 685 ueluti
368 648 475 694 affulta,
485 654 526 688 (φ
532 648 702 691 fiecamenta
712 651 785 683 teda
792 648 908 683 arboris
921 673 930 682 .
956 655 1003 683 De
1011 650 1110 683 Indico
1119 661 1190 682 uero
1198 671 1208 686 ,
1226 652 1299 696 quid
1304 652 1402 685 dicam
1418 651 1510 693 nescio
1519 673 1529 689 ,
1538 663 1608 685 nam
1622 663 1689 686 cum
1701 654 1776 686 inter
1778 653 1904 697 floridos

165 699 280 736 colores
288 712 307 734 a
319 699 420 734 ‘Plinio
430 705 607 735 numeretur,
619 698 701 731 certe
710 709 762 731 nos
771 700 800 732 id
810 709 905 743 genus
913 699 1005 733 Indici
1020 709 1078 731 non
1086 696 1233 733 habemus
1240 721 1251 736 ‚
1260 701 1398 746 quoniam
1406 711 1464 733 non
1473 698 1561 733 nimis
1568 700 1736 747 praeviosum
1745 699 1783 741 eli
1794 702 1833 738 id,
1843 714 1903 749 quo

167 750 261 784 nostri
277 756 413 785 utuntur,
424 747 502 795 quod
506 745 546 788 fit
554 757 594 780 ex
603 745 776 789 Ifiztifiztiua
786 769 796 784 ,
806 758 867 793 qua
872 745 1019 791 giiefiz'urn,
1029 754 1083 782 aut
1087 745 1232 792 pastillum
1239 749 1347 782 dicitur
1356 770 1366 786 ,
1375 759 1444 783 cum
1454 747 1530 782 alias
1531 747 1659 794 glastum
1670 749 1903 787 diceretumher-

166 797 206 832 ba
215 799 303 832 utait
313 795 471 839 '1³l2il.&si
479 793 636 840 insignibus
644 796 743 828 uirore
753 794 909 829 cauliculis
917 803 1033 833 notata,
1034 794 1123 838 succo
1138 804 1237 829 tamen
1246 796 1376 839 inficiens
1394 795 1512 831 caeruleo
1522 796 1717 842 truffatilibus
1732 797 1818 831 molis
1822 807 1903 844 pre-

164 848 265 883 mitur,
278 854 311 880 ut
322 843 501 880 herbaceam
502 843 616 886 fimiem
625 842 797 881 excludant,
808 844 907 877 deinde
915 844 1054 878 exuftam
1069 844 1214 888 digerunt,
1225 850 1266 884 &⁶
1279 844 1345 892 post
1362 846 1469 881 tinllos
1474 854 1589 894 pannos
1608 845 1761 882 caruleam
1769 847 1848 882 illam
1856 848 1902 881 in·

167 903 332 933 natantem,
337 891 530 939 feruentibuaes
538 893 659 927 cortinis
671 901 839 941 exemptam
848 892 998 941 pistorum
1006 890 1110 938 ufibm
1117 893 1220 928 Indum
1227 902 1349 929 uocant.

315 1014 404 1066 De
418 1010 588 1066 carulei
601 1014 927 1089 temperaturis
937 1054 948 1066 .
1419 1017 1532 1092 Cap.
1609 1018 1667 1069 X
1668 1015 1704 1068 L

91 1135 136 1159 ²⁰
360 1139 488 1173 Aerulei
499 1137 746 1186 temperationes
756 1137 955 1172 Alexandriae
965 1137 1102 1184 primum
1114 1136 1187 1174 sunt
1196 1138 1344 1180 inuentae,
1356 1137 1466 1186 postea
1475 1139 1554 1174 item
1564 1138 1730 1174 Vestorius
1759 1139 1901 1178 Puteolis

390 1187 524 1222 instituit
534 1186 735 1222 faciundum.
760 1187 860 1221 Ratio
869 1197 976 1220 autem
987 1188 1053 1221 eius
1064 1212 1074 1227 ‚
1084 1200 1100 1221 e
1109 1188 1229 1235 quibus
1241 1187 1287 1223 est
1301 1189 1431 1223 inuenta
1443 1213 1453 1227 ‚
1463 1188 1534 1223 satis
1555 1187 1651 1223 habet
1665 1189 1901 1229 admirationis,

387 1239 494 1271 Arena
505 1237 588 1270 enim
600 1248 673 1270 cum
691 1236 767 1270 nitri
787 1234 868 1269 flore
878 1236 1057 1270 conteritur
1065 1237 1146 1271 adeo
1157 1236 1361 1276 subtiliter,ut
1370 1236 1527 1271 efficiatur
1536 1237 1812 1284 quemadmodum
1823 1235 1900 1272 fari-

385 1298 435 1324 na,
447 1289 479 1320 &
490 1285 543 1319 aeri
562 1286 695 1331 Cyprio,
707 1285 790 1318 limis
800 1282 916 1323 crassis,
926 1289 938 1327 (
948 1295 982 1318 ut
992 1282 1098 1319 scobis
1112 1283 1220 1324 >facto
1231 1287 1378 1320 immixta
1396 1285 1629 1333 conspergitur,
1642 1295 1679 1319 ut
1701 1286 1900 1332 conglome-

163 1344 263 1368 retur.
276 1332 405 1368 Deinde
414 1334 484 1380 pilae
496 1333 642 1368 manibus
650 1331 804 1367 uersando
813 1330 1008 1372 efficiuntur,
1017 1335 1101 1368 &ita
1109 1335 1313 1382 colligantur,
1324 1345 1359 1369 ut
1367 1334 1538 1369 inarescant
1554 1360 1562 1369 .
1574 1335 1636 1369 Hae
1657 1334 1750 1369 aridae
1759 1345 1901 1379 compo—

161 1382 322 1416 nunturin
333 1394 430 1417 urceo
442 1382 544 1416 fictili.
554 1382 674 1416 Vrceus
686 1382 719 1415 in
730 1380 862 1415 fornace
876 1381 1027 1429 ponitur,
1036 1383 1080 1416 ita
1090 1395 1131 1416 aes
1143 1407 1152 1422 ‚
1165 1387 1197 1418 &
1207 1395 1301 1418 arena
1309 1396 1344 1418 ea
1359 1383 1398 1417 ab
1410 1384 1493 1430 ignis
1511 1382 1710 1418 uehementia
1727 1380 1901 1416 conferuc-

161 1428 278 1465 scendo
289 1442 363 1465 cum
374 1432 557 1466 coaruerint
566 1431 648 1465 inter
656 1429 684 1465 se
695 1430 803 1466 dando
812 1452 822 1468 ‚
833 1431 1064 1476 &accipiendo
1075 1429 1204 1466 sudores
1214 1446 1229 1466 a
1241 1432 1489 1479 proprietatibus
1507 1430 1688 1471 discedunt,
1699 1429 1796 1478 suisq‚-
1805 1430 1900 1472 rebus

161 1490 219 1525 per
227 1479 311 1526 ignis
322 1478 558 1514 uehementiam
567 1477 725 1516 confecta,
737 1479 873 1513 caeruleo
888 1480 1069 1526 redigantur
1079 1481 1191 1514 colore
1201 1506 1210 1516 .
1220 1480 1296 1515 Vsta
1311 1493 1389 1515 uero
1424 1493 1492 1527 quae
1511 1479 1580 1514 satis
1591 1479 1685 1513 habet
1701 1480 1846 1514 utilitatis
1863 1480 1899 1518 in

161 1527 326 1574 operibus,
334 1528 482 1572 ,teetorijs
492 1527 533 1563 fic
551 1538 757 1575 temperatur.
770 1527 877 1561 Gleba
886 1528 947 1563 filis
955 1528 1210 1577 bonicoquitur‚
1220 1541 1256 1564 ut
1264 1528 1300 1564 fit
1318 1530 1353 1565 in
1369 1530 1444 1578 igne
1463 1529 1600 1564 candens
1611 1540 1666 1568 ,ea
1681 1539 1788 1564 autem
1804 1540 1898 1567 aceto

161 1576 372 1622 extinguitur,
382 1579 415 1611 &
428 1575 550 1611 efficitu
557 1589 570 1610 r
579 1589 743 1624 purpureo
765 1577 888 1611 colore.

86 1624 132 1661 30
210 1624 370 1660 Caruleum
380 1627 473 1660 Graeci
482 1627 610 1663 cianum,
619 1637 748 1672 azurum
759 1624 845 1667 nostri
854 1635 974 1661 uocant.
1003 1626 1162 1662 caeruleum
1171 1637 1272 1663 autem
1282 1633 1324 1668 &⁴
1331 1628 1460 1672 nascitur
1467 1650 1477 1666 ,
1491 1633 1531 1667 &⁸
1535 1626 1585 1669 fit.
1595 1629 1741 1675 reperitur
1749 1628 1779 1660 in
1787 1624 1897 1661 metal-

159 1673 196 1707 lis
201 1682 257 1720 per
266 1672 298 1715 [ὲ
307 1682 416 1712 ortum,
424 1682 478 1707 aut
485 1673 641 1710 abraditur
649 1687 668 1708 a
677 1676 804 1708 materia
811 1676 985 1709 mettallica.
999 1683 1028 1711 ‘P
1036 1675 1106 1709 linio
1118 1675 1155 1716 est
1162 1689 1254 1711 arena
1264 1703 1272 1711 .
1284 1676 1349 1723 lege
1361 1677 1443 1711 Plin.
1456 1675 1509 1710 lib.
1524 1689 1537 1721 3
1548 1687 1560 1720 3
1570 1701 1579 1710 .
1599 1686 1667 1723 cap.
1677 1675 1794 1710 ultimo.
1803 1677 1898 1720 Nitri

154 1722 215 1766 flos
223 1722 394 1767 intelligitur
401 1723 453 1769 qui
462 1721 502 1763 esi
511 1724 540 1756 in
547 1725 625 1757 nitro
634 1722 805 1767 leuiffimum
815 1745 825 1759 ‚
838 1729 879 1762 (φ
888 1725 1119 1767 candidissimum
1129 1747 1139 1762 ,
1151 1724 1302 1768 &fituilla
1310 1727 1381 1759 nitri
1388 1727 1496 1759 dicitur
1505 1750 1515 1759 .
1539 1726 1604 1760 Ait
1610 1733 1710 1758 autem
1719 1730 1749 1759 V
1749 1726 1800 1758 itr.
1827 1728 1842 1768 {
1853 1729 1895 1763 ὠ

160 1772 210 1803 aeri
219 1772 335 1816 Cyprio,
343 1770 420 1804 limis
426 1772 577 1814 crassis,ut
580 1769 689 1813 scobis,
692 1770 779 1813 fictio
787 1772 923 1805 immixta
933 1773 1140 1817 conspergitur.
1149 1775 1163 1814 }
1173 1772 1241 1814 idest
1251 1776 1393 1808 delimatae
1401 1776 1463 1807 aeris
1472 1775 1572 1820 Cyprij
1596 1772 1680 1816 scobi
1681 1772 1749 1816 siue
1758 1781 1893 1806 ramento

159 1820 234 1852 trita
242 1829 333 1852 arena
342 1821 440 1853 mixta
450 1818 678 1865 aspergstumfini
686 1830 777 1853 arena
786 1819 876 1857 usta,
887 1831 949 1865 quae
962 1822 991 1853 in
1001 1820 1136 1867 operibus
1145 1822 1354 1865 tec‘iorijsfiztis
1362 1821 1454 1857 habet
1466 1817 1615 1859 utilitatis,
1620 1821 1665 1865 fic
1673 1830 1868 1868 temperatur.

160 1866 256 1902 Gleba
259 1865 325 1909 filis
334 1865 403 1901 boni
413 1870 563 1915 coquitur,
573 1877 607 1901 ut
610 1866 652 1910 fit
661 1870 691 1901 in
699 1869 765 1912 igne
773 1868 910 1905 candens,
924 1880 958 1902 ea
968 1877 1068 1905 autem
1079 1878 1164 1903 aceto
1174 1864 1413 1915 extinguitur,&
1421 1870 1546 1917 efficitur
1552 1880 1703 1918 purpureo
1711 1869 1811 1906 colore
1819 1870 1895 1905 unde

158 1915 243 1951 Plin.
248 1914 289 1958 fit
299 1921 340 1956 Θ*
349 1924 480 1951 cremato
481 1915 539 1960 file
547 1916 737 1960 marmorofh,
747 1921 787 1955 (9-
795 1915 928 1958 restincto
937 1926 1035 1956 aceto,
1039 1917 1105 1962 fine
1114 1929 1149 1953 ea
1158 1916 1269 1953 umbra
1275 1930 1335 1953 non
1336 1919 1430 1962 fiunt.

388 2062 633 2137 ,Quomodo
648 2063 743 2137 fiat
774 2063 944 2140 cerussa
958 2106 972 2127 ,
995 2063 1061 2122 Εἴ
1088 2087 1225 2145 erugo
1248 2107 1263 2128 ,
1293 2068 1359 2123 Εἴ
1382 2069 1624 2123 Sandara-

635 2163 693 2195 ca
1089 2149 1199 2220 Cap.
1280 2147 1415 2202 XII.

286 2295 332 2308 Ξ,
354 2257 383 2292 E
408 2256 549 2298 Ceruffa,
557 2258 741 2306 aerugineq3,
751 2257 845 2305 quim
856 2256 956 2292 nostri
964 2271 1100 2295 aerucam
1109 2271 1243 2300 uocant,
1252 2274 1320 2296 non
1329 2260 1376 2295 est
1382 2260 1532 2298 alienum,
1543 2261 1785 2308 quemadmodt‘t
1797 2274 1891 2297 com-

380 2318 506 2354 paretur
520 2307 634 2342 dicere.
643 2307 765 2351 Rhodij
776 2307 859 2340 enim
869 2307 902 2340 in
912 2307 1007 2353 dolijs
1018 2306 1168 2343 sarmenta
1179 2320 1415 2357 componentes
1433 2320 1558 2344 acetum
1575 2309 1780 2352 suffundunt,
1794 2315 1825 2346 &
1836 2308 1891 2345 su-

278 2359 339 2423 k
381 2367 435 2402 pra
444 2354 598 2390 sarmenta
608 2355 772 2403 plumbeas
783 2354 889 2389 malias
908 2357 1070 2393 collocant
1079 2380 1090 2395 ,
1100 2357 1213 2391 deinde
1222 2358 1309 2395 dolia
1323 2359 1484 2405 operculis
1493 2358 1648 2394 obturant
1659 2386 1669 2399 ‚
1683 2372 1723 2394 ne
1732 2359 1890 2406 spiramen

179 2402 340 2432 —vssx-l
381 2414 452 2438 tum
479 2403 628 2440 obturata
643 2405 790 2438 emittant
799 2427 809 2443 ,
829 2402 901 2450 post
918 2416 1041 2440 certum
1058 2417 1184 2452 tempus
1199 2408 1374 2452 aperientes
1390 2407 1557 2441 inueniunt
1572 2419 1589 2442 e
1607 2408 1713 2443 massis
1730 2408 1890 2454 plumbeis

157 2449 327 2484 caeruffam.
337 2451 447 2486 eadem
457 2453 578 2487 ratione
588 2453 724 2487 lamellas
736 2464 829 2486 :ereas
841 2453 1035 2488 collocantes
1050 2452 1196 2489 efficiunt
1206 2456 1392 2503 aeruginem,
1402 2467 1471 2503 quae
1484 2468 1577 2491 eruca
1594 2458 1804 2503 appellantur.
1814 2457 1891 2490 Cae-

155 2497 234 2533 ruffi
255 2511 335 2534 uero
344 2513 417 2535 cum
434 2502 468 2535 in
477 2499 609 2535 fornace
617 2502 771 2547 coquitur
779 2524 789 2539 ‚
802 2511 928 2535 mutato
950 2503 1064 2536 colore
1073 2502 1113 2537 ad
1132 2502 1165 2536 id
1185 2504 1269 2550 ignis
1278 2505 1463 2540 incendium
1481 2502 1804 2544 efficitur-sandaraca
1813 2530 1822 2538 .
1848 2504 1888 2539 Id

155 2558 262 2582 autem
269 2549 422 2585 incendio
440 2548 525 2583 faeto
543 2563 579 2584 ex
587 2549 658 2584 casu
666 2549 847 2584 didicerunt
855 2549 1015 2589 homines,
1026 2555 1058 2585 δι
1070 2564 1106 2586 ea
1114 2552 1219 2586 multo
1229 2553 1397 2588 meliorem
1406 2551 1496 2587 usum
1513 2551 1648 2599 praestat,
1658 2553 1756 2600 quam
1766 2565 1836 2600 quae
1844 2553 1888 2593 de

85 2607 128 2639 50
157 2596 290 2630 metallis
301 2609 355 2642 per
363 2598 392 2632 se
403 2609 473 2632 nata
483 2597 608 2633 foditur
616 2622 627 2632 .
1752 2640 1755 2641 ⁷
1808 2642 1814 2645 μ
1831 2640 1846 2642 ,,

169 2680 171 2683 ,
206 2645 323 2689 Ceruffiz
331 2646 433 2689 nostris
441 2645 547 2682 blacca
556 2649 666 2681 dicitur
675 2671 685 2681 .
709 2652 838 2692 Aerugo
848 2656 975 2683 autema
983 2647 1089 2691 nostris
1097 2651 1194 2685 viride
1200 2661 1237 2684 as
1245 2672 1256 2688 ‚
1265 2658 1318 2684 aut
1327 2652 1422 2685 uiride
1436 2661 1555 2684 ramum
1571 2658 1716 2687 uocatur.
1743 2655 1887 2688 caterum,

156 2691 269 2737 ceruffiz
279 2696 308 2727 in
313 2696 438 2738 fornace
447 2696 531 2730 cotta
541 2704 658 2730 mutato
667 2694 768 2730 colore
777 2697 817 2729 ad
827 2696 857 2729 id
862 2698 937 2741 ignis
943 2698 1107 2732 incendium
1110 2697 1149 2740 fit
1150 2698 1422 2745 sandaraca,quam
1429 2698 1515 2740 nostri
1522 2701 1642 2733 minium
1650 2707 1773 2736 uocant,
1781 2700 1816 2732 de
1823 2710 1884 2745 qua

148 2741 242 2789 fiipra
250 2742 362 2780 dift'um
371 2743 420 2785 eft.
432 2750 461 2780 V
457 2743 502 2786 sla
512 2747 603 2791 igitur
610 2746 707 2791 inquit
716 2743 800 2778 Plin.
812 2742 878 2786 cafit
888 2753 1006 2790 reperta
1014 2747 1059 2781 est
1067 2749 1099 2781 in
1108 2748 1237 2782 incendio
1242 2757 1332 2794 pyra.
1343 2746 1453 2790 cerussa
1461 2749 1491 2781 in
1504 2749 1580 2781 orcis
1587 2756 1719 2783 cremata
1735 2749 1764 2780 in
1779 2746 1886 2785 mulie-

155 2789 204 2824 bri
211 2789 304 2825 thaeca
311 2793 498 2837 erat-ceruffiz
508 2817 518 2832 ‚
528 2796 558 2828 in
567 2795 654 2828 cuius
669 2801 745 2840 pyra
756 2793 886 2826 incendio
890 2791 976 2836 ᾖιὲῗο
992 2804 1126 2831 cremata
1133 2796 1199 2837 eft,
1206 2801 1249 2836 (φ
1257 2795 1329 2840 casu
1336 2795 1512 2844 deprehenfiz
1519 2807 1553 2833 eo
1561 2796 1660 2832 colore
1675 2807 1734 2844 quo
1734 2794 1886 2840 sandraca

156 2838 206 2882 est.
233 2840 352 2887 Ceruffit
356 2840 537 2890 psimithium
544 2843 662 2883 dicitur,
672 2841 874 2885 laudatissima
883 2843 913 2875 in
920 2841 1036 2888 thdffi

82 2118 131 2150 40

81 3087 128 3121 60
1730 3089 1883 3137 Qomodo
