2241 3318
307 104 376 140 324
999 92 1321 134 LlBER

297 166 442 216 syderum
461 165 556 213 spatia
567 163 826 204 nadens‚dilatat,
835 163 1033 211 contrahitt'15
1045 163 1157 203 dies,&
1168 164 1262 200 horas
1281 177 1289 198 :
1301 162 1342 197 fic
1352 162 1438 197 bulla
1448 160 1481 196 in
1491 160 1677 209 horologiis
1696 162 1879 211 ingrediens
1895 175 1952 212 per
1964 176 2047 211 pun-

297 220 350 253 ἃᾶ
359 230 470 252 contra
481 215 580 249 centri
594 214 737 260 tympani
754 209 980 251 uastationem,
992 213 1138 259 quotidie
1149 225 1224 247 cum
1235 209 1415 249 trasfertur,
1425 211 1495 256 alijs
1504 212 1707 258 temporibus
1715 224 1772 260 per
1780 213 1976 258 latiora‚alijs
1989 226 2045 261 per

297 266 479 314 angustiora
491 264 586 309 spatia
597 261 765 296 menstruis
775 261 978 296 finitionibus
991 263 1146 309 imagines
1155 259 1259 295 efficit
1270 259 1435 298 horarum,
1447 263 1480 294 δι
1493 259 1632 295 dierum.

349 322 418 352 Haec
426 310 740 359 hallenuaficpraffint
748 309 897 359 expofita.
906 322 984 346 nunc
992 311 1028 346 de
1035 322 1118 358 aquae
1125 310 1384 346 adnu'niflratione
1392 307 1430 352 est
1435 309 1702 357 pertraclandmna
1718 319 1752 345 ut
1762 313 1905 346 motiones
1912 313 2023 347 celeres
2031 333 2044 350 ,

300 371 342 406 (ἐφ’
352 365 458 399 tardas·
467 371 676 408 tympanorum
685 359 805 406 efficiat.

349 415 402 446 De
412 408 690 445 administratione
700 420 807 443 autem
817 421 908 456 aquae
917 431 928 448 ‚
938 407 1217 456 quemadmodum
1234 406 1264 444 se
1281 418 1438 454 temperet
1455 407 1496 442 ad
1515 408 1673 444 rationem
1683 432 1693 448 ‚
1708 407 1750 443 fic
1769 408 1829 444 erit
1845 406 2044 445 faciendum.

298 461 375 499 Post
387 459 530 495 frontem
540 458 710 504 horologij
727 459 810 492 intra
827 459 1011 493 collocetur
1021 457 1184 492 castellum
1210 483 1220 498 ‚
1232 457 1266 492 in
1283 456 1315 490 id
1326 455 1350 497 ';
1370 467 1425 501 per
1442 455 1580 492 fistulam
1590 456 1674 492 saliat
1696 470 1780 505 aqua
1788 479 1799 496 ,
1808 459 1841 493 in
1851 457 1920 492 imo
1929 458 2047 493 habeat

299 523 427 551 cauum;
437 509 475 543 ad
486 506 519 541 id
537 517 644 540 autem
654 505 788 540 affixum
798 505 836 540 sit
847 520 883 541 ex
893 520 957 541 aere
977 519 1166 554 tympanum
1175 505 1297 541 habens
1334 516 1466 540 oramen
1476 530 1486 544 ,
1496 518 1553 552 per
1562 506 1655 554 quod
1673 519 1710 541 ex
1720 505 1851 541 castello
1869 507 1902 541 in
1921 507 1954 542 id
1962 521 2045 555 aqua

298 560 424 596 influat.
435 559 468 591 in
477 569 518 590 eo
527 567 636 590 autem
654 556 759 590 minus
770 567 961 602 tympanum
971 556 1156 590 includatur
1165 554 1349 589 cardinibus
1373 566 1410 588 ex
1423 564 1523 588 torno
1541 554 1685 590 masculo
1695 579 1704 595 ‚
1714 558 1745 589 δι
1763 554 1899 590 fcemina
1915 557 1998 592 inter
2015 555 2044 591 se

297 608 462 647 coartatis,
471 606 515 640 ira
525 605 572 640 uti
586 604 692 639 minus
703 615 905 652 tympanum,
916 604 1193 653 quemadmodum
1204 601 1413 650 epistomium
1422 603 1456 636 in
1467 604 1587 640 maiore
1597 606 1718 640 circum
1729 604 1858 652 agendo
1867 605 1953 640 arcte
1962 606 2044 642 leni-

401 765 664 1023 llll»

414 994 527 1074 A!

529 1011 646 1053 Ι

415 1032 649 1188 ll

415 1117 530 1356 JJJJAJJ

531 1139 649 1329 lllffl

408 1386 656 1504 ll

1658 1448 1748 1501 Ill!

1672 1581 1747 1614 mm
1673 1497 1747 1548 lim*

416 1297 650 1427 sslf

305 2357 388 2406 tert'lz
405 2356 556 2393 ¹Jersetuh
569 2358 704 2394 Maioris
718 2370 826 2394 autem
835 2361 976 2408 tympani
985 2360 1109 2396 labrum
1118 2360 1210 2407 equis
1219 2359 1392 2395 interuallis
1427 2363 1508 2404 365.
1538 2357 1656 2405 punRa
1676 2357 1788 2393 babeat
1797 2356 1929 2404 signata,
1942 2354 2050 2389 minor

305 2407 386 2442 uero
396 2408 562 2441 orbiculus
581 2408 614 2442 in
624 2420 764 2443 extrema
777 2409 986 2444 circinatione
1007 2409 1101 2444 fixam
1111 2409 1224 2444 habeat
1241 2410 1399 2457 lingulam
1411 2409 1522 2448 ,cuius
1542 2419 1696 2441 cacumen
1714 2407 1833 2454 dirigat
1851 2405 1890 2439 ad
1909 2403 2050 2451 puncto-

306 2468 378 2490 rum
388 2457 629 2505 regiones,inc'1;
641 2470 682 2492 eo
691 2458 843 2492 orbiculo
860 2469 1074 2505 temperatum
1094 2458 1130 2493 sit
1141 2456 1302 2496 foramen,
1317 2458 1433 2504 quiain
1455 2468 1644 2503 tympanum
1663 2468 1745 2502 aqua
1763 2453 1870 2489 influit
1886 2453 1982 2499 perid
1997 2454 2048 2488 ,δε

305 2503 407 2539 seruat
415 2504 726 2540 administrationem
737 2531 747 2540 .
776 2508 863 2542 Cum
873 2518 981 2541 autem
993 2508 1025 2541 in
1036 2507 1166 2541 maioris
1177 2507 1322 2553 tympani
1334 2505 1424 2541 labro
1435 2503 1553 2539 fuerint
1563 2505 1726 2551 signorum
1745 2502 1923 2538 coelestium
1937 2498 2048 2536 defor-

306 2555 478 2593 mationes,
487 2553 519 2587 id
530 2566 637 2589 autem
648 2554 882 2593 iitimmotum,
894 2556 969 2590 &in
979 2555 1104 2590 summo
1116 2555 1228 2589 habeat
1245 2553 1463 2589 deformatum
1475 2554 1595 2589 Cancri
1606 2551 1730 2598 signum
1743 2576 1754 2592 ,
1763 2553 1802 2587 ad
1814 2549 2045 2598 perpendiculi]

305 2603 375 2636 eius
385 2602 417 2636 in
428 2603 496 2636 imo
514 2602 718 2650 Capricorni,
729 2603 769 2639 ad
779 2603 923 2638 dextram
934 2603 1102 2651 speRantis
1113 2603 1231 2641 Librae,
1243 2605 1283 2638 ad
1297 2601 1448 2637 sinistram
1475 2603 1593 2637 Arietis
1603 2624 1614 2640 ‚
1629 2601 1715 2648 signa
1726 2611 1860 2649 quoque
1877 2598 2048 2632 caeterain·

306 2661 357 2684 ter
366 2663 481 2685 corum
493 2649 589 2697 spatia
598 2652 761 2699 defignata
771 2652 845 2689 sint,
854 2653 900 2687 uti
912 2653 943 2687 in
955 2653 1042 2686 coelo
1053 2652 1200 2686 uidentur
1211 2677 1220 2686 .
1249 2652 1353 2696 Igitur
1362 2664 1435 2686 cum
1448 2652 1504 2685 Sol
1516 2649 1611 2685 fuerit
1635 2650 1667 2684 in
1678 2648 1868 2696 Capricorni
1880 2646 2044 2683 orbiculo.

306 2700 428 2746 lingula
438 2700 470 2733 in
482 2700 612 2735 maioris
624 2702 765 2747 tympani
776 2712 876 2747 parte,
886 2704 918 2735 δι
937 2702 1129 2747 Capricorni
1151 2700 1300 2747 quotidie
1310 2700 1429 2746 singula
1445 2699 1564 2747 ρυηᾶα
1574 2710 1721 2745 tangens,
1730 2698 1771 2733 ad
1782 2695 2046 2744 perpendiculum

307 2746 426 2782 habens
435 2760 525 2794 aquae
536 2751 692 2784 currentis
702 2750 871 2784 uehemens
882 2749 1022 2795 pondus,
1033 2749 1175 2782 celeriter
1184 2748 1390 2795 per'orbiculi
1411 2748 1560 2782 foramen
1572 2747 1605 2781 id
1616 2746 1756 2781 extrudit
1773 2747 1814 2780 ad
1831 2758 1884 2779 uas
1894 2768 1904 2781 ‚
1915 2755 1983 2778 tum
1994 2755 2049 2776 ex-

307 2796 430 2840 cipiens
439 2808 508 2830 carn
521 2799 698 2843 (quoniam
707 2798 798 2832 breui
808 2796 909 2843 spatio
920 2798 1070 2844 impletur
1081 2802 1093 2836 )
1104 2798 1264 2832 contrahit
1277 2800 1310 2831 δι
1320 2798 1472 2844 corripiet
1479 2797 1605 2830 dierum
1617 2797 1742 2829 minora
1751 2793 1848 2841 spatia
1857 2817 1867 2833 ,
1875 2797 1908 2828 &
1919 2793 2048 2826 horarii.

306 2856 381 2877 curn
391 2856 498 2879 autem
510 2846 697 2892 quotidiana
707 2843 884 2880 uei-satione
893 2846 1028 2880 minoris
1038 2846 1180 2892 tympani
1193 2846 1312 2893 lingula
1322 2845 1502 2891 ingreditur
1512 2845 1546 2878 in
1556 2843 1700 2890 aquario,
1711 2843 1873 2877 delcendit
1881 2852 1951 2875 tum
1961 2838 2049 2874 fora-

307 2904 381 2925 men
393 2906 409 2926 a
420 2894 665 2938 perpendiculo,
674 2899 707 2930 &
718 2907 801 2942 aque
811 2894 993 2929 uehementi
1005 2893 1095 2928 cursu
1107 2894 1241 2941 cogitur
1259 2894 1382 2928 tardius
1393 2894 1541 2928 emittere
1559 2891 1732 2926 salientem.
1744 2894 1792 2925 Ita
1802 2904 1872 2939 quo
1882 2891 1987 2924 minus
1997 2900 2050 2921 ce*

306 2941 362 2975 leri
385 2939 474 2974 cursu
494 2954 547 2975 uas
564 2944 807 2990 excipitaquam
823 2943 936 2978 dilatat
957 2942 1106 2977 horarum
1119 2941 1228 2989 spatia.
1254 2944 1387 2989 Aquarii
1399 2942 1477 2976 uero
1492 2938 1659 2988 pisciumc'];
1680 2940 1807 2988 punstis
1817 2965 1827 2978 ‚
1844 2939 1889 2973 uti
1899 2936 2050 2985 gradabus

307 2987 472 3026 scandens,
484 2990 623 3025 orbiculi
634 2990 779 3026 foramen
790 2992 822 3026 in
833 2992 943 3026 Ariete
953 2991 1119 3038 tangendo
1129 2992 1279 3026 ofitauam
1293 3002 1415 3037 partem
1428 3002 1518 3036 aquae
1527 3001 1709 3036 temperatae
1733 2988 1850 3023 salienti
1870 2985 1995 3033 praestar
2005 2997 2050 3018 ae-

309 3037 526 3085 quinoffiales
535 3038 643 3076 horas.
654 3041 709 3076 Ab
719 3041 830 3076 Ariete
840 3053 897 3088 per
907 3041 1011 3077 Tauri
1022 3043 1055 3075 &
1066 3040 1290 3076 Geminorum
1300 3038 1397 3087 spatia
1411 3038 1452 3074 ad
1463 3038 1585 3074 summa
1597 3038 1715 3074 Cancri
1724 3036 1841 3086 ρυηᾶει
1852 3035 1951 3084 partis
1960 3033 2051 3068 osta-

2003 3093 2051 3116 uae

2075 571 2122 597 10

2082 1564 2128 1598 30

2075 2056 2126 2091 40

2077 3034 2125 3066 60
