2195 3313
697 57 729 87 Ἰ»
778 52 816 95 K
856 50 873 86 1
921 53 960 85 M
1010 53 1039 87 ν
1072 50 1120 85 fs,
1795 63 1850 103 ³33

92 152 95 153 ν
108 131 112 134 ’
151 128 295 175 ‘Rotundae
303 134 403 162 turres
409 123 587 175 quacunque
592 134 681 173 parte
692 120 742 160 uel
750 127 864 163 arietes
875 124 924 159 uel
930 124 993 159 alia
1002 125 1141 159 machina
1147 123 1355 172 percutiantur
1367 150 1376 165 ,
1383 126 1532 169 firmiores
1544 127 1616 172 fiint
1631 129 1721 176 quam
1739 134 1855 177 qnadm

106 190 141 216 tae
150 190 235 214 :narn
248 189 282 211 ea
287 176 387 222 figura
395 176 532 224 pluribus
538 175 676 223 partibus
686 198 696 214 ‚
707 174 851 223 tanquam
861 177 959 209 cuneis
968 175 1089 208 conflat
1099 199 1108 212 ‚
1118 186 1278 209 cuneorum
1286 186 1396 210 natura
1411 180 1450 211 ad
1461 187 1596 213 centrum
1612 179 1719 212 adalia
1732 179 1857 222 solidior

100 228 231 274 ,efficitur
242 241 253 260 .-
261 224 421 268 obfirmant
429 225 576 268 enimsese
585 233 688 258 mutuo
699 232 830 259 cuneatae
839 235 887 258 res
895 221 1033 271 quaellbet
1041 245 1051 260 ,
1063 228 1103 262 ὅ)
1113 235 1172 270 quo
1181 225 1277 268 magis
1286 227 1314 257 in
1333 237 1382 258 eas
1390 228 1520 272 impellas
1527 239 1561 260 eo
1564 227 1718 269 solidiores
1727 228 1858 274 efficiun-

102 286 163 312 tur.
177 282 319 312 Ceterum
328 274 564 321 bis-temporibus
574 273 652 308 alius
659 273 725 316 ufiis
738 271 1038 319 esLquemadmodum
1047 273 1299 307 dicam-Turrium
1308 274 1399 318 igitur
1404 275 1626 321 prieci‘ptafiint
1635 275 1858 324 baec,‚quaeditiz

95 325 166 369 sunt
173 348 183 363 ,
194 323 304 371 quaefic
313 322 443 358 breuiter
453 324 588 368 colligere
607 321 757 368 poffiimris
770 346 778 354 .
789 327 899 355 Turres
910 330 964 355 ant
980 319 1203 364 considerantur
1213 332 1248 354 ea
1264 331 1353 367 parte
1367 344 1376 358 ,
1388 335 1446 369 qua
1466 325 1620 369 respiciunt
1639 323 1732 366 hostes
1742 349 1752 363 ,
1767 326 1857 369 &sic

98 376 228 420 primum
235 381 412 420 pracceptum
420 373 465 406 es‘i
473 394 483 409 ,
492 381 525 405 ut
531 373 730 418 prouciantur
738 372 767 403 in
773 379 893 417 partem
905 371 1083 418 exteriorem
1094 383 1102 403 .-
1115 378 1169 403 aut
1178 369 1399 412 considerantur
1409 383 1444 404 ea
1466 381 1555 418 parte
1564 395 1572 409 ‚
1585 386 1645 419 qua
1655 375 1807 420 respiciunt
1815 378 1860 408 ci—

101 424 226 456 uitatem
235 444 244 459 ‚
250 422 295 465 fic
303 420 385 454 aliud
390 429 566 468 preceptum
578 421 623 454 en
634 421 668 453 de
677 430 778 453 earum
789 430 875 452 muro
884 419 1036 453 diuidendo
1046 441 1056 456 ,
1067 424 1107 458 ζῇ*
1117 419 1340 467 contignatione
1349 418 1452 452 mobili
1468 424 1687 466 congiungendo
1699 437 1709 456 .·
1718 432 1772 456 ant
1781 422 1860 468 consi

101 473 245 506 derantur
253 493 263 508 ,
274 479 308 504 ut
317 479 420 503 mutuo
430 472 507 503 inter
509 468 541 511 se
543 467 575 511 se
585 467 698 503 babent
708 490 718 505 ‚
729 474 769 507 &⁹
772 467 818 512 fic
828 469 864 501 de
871 467 1027 501 interuallo
1037 469 1122 501 unius
1132 469 1171 501 ad
1180 466 1309 501 alteram
1317 468 1428 500 dmum
1437 467 1474 509 eli
1482 491 1492 505 ‚
1503 478 1556 502 auc
1565 471 1679 503 deinum
1689 471 1861 514 confiii'eran

30 550 48 574 1
50 551 74 573 θ
101 530 152 554 tur
161 523 190 554 in
192 519 226 563 se
232 517 368 566 quaelibet
376 541 386 555 ,
398 524 438 557 css
441 517 491 561 fic
498 521 533 552 de
536 517 636 564 figura
644 528 746 552 earum
756 515 920 552 orbiculari
929 515 979 550 uel
987 514 1148 565 multorum
1158 515 1337 561 angulorum
1346 514 1383 558 eft
1410 517 1519 550 dic‘ium
1530 542 1539 551 .
1565 519 1637 562 Qae
1654 522 1752 553 omnia
1761 519 1862 564 fiibie-

12 574 17 587 ⁴
49 583 54 588 ·
104 568 153 603 [la
157 567 259 614 figura
268 566 446 609 demonstrat
458 592 468 601 .

150 620 189 652 Ιτ
197 628 244 650 EM
274 617 470 650 munitiones
480 616 562 650 rnuri
573 615 744 662 turriurm'ss
753 614 926 663 aggeribus
938 613 1268 649 coniunftaeinaxime
1278 614 1417 648 tutiores
1445 611 1517 649 sunt
1528 639 1539 654 ‚
1550 614 1641 662 quod
1659 628 1763 663 neque
1782 617 1862 650 arie-

101 677 148 700 tes
160 692 169 704 ,
181 678 284 712 neque
294 662 495 699 suffossiones
507 688 516 703 ‚
526 677 630 711 neque
641 666 793 699 machin-„e
804 675 922 698 caeterae
933 664 978 698 eis
993 664 1099 698 ualent
1123 675 1242 698 nocere
1254 689 1263 698 .

151 713 344 757 obseruatum
353 712 389 755 esi
399 725 456 747 non
464 722 528 748 tam
537 716 615 748 muri
624 715 844 758 crassitudinem
852 735 862 751 ‚
873 711 964 760 quam
973 714 1092 758 aggeris
1101 735 1111 750 ‚
1124 718 1165 752 &
1173 714 1286 747 terreni
1293 713 1510 759 congestionem
1519 715 1599 761 apud
1606 725 1708 747 muros
1716 736 1726 751 ,
1738 726 1786 748 eos
1811 723 1862 748 tii—

101 772 148 798 tos
156 765 274 798 reddere
284 787 293 796 .
306 774 375 796 nam
385 764 464 810 quod
474 763 615 797 macbinae
624 790 633 801 ‚
638 762 852 811 fiiffoss’ioneseJ5
863 761 976 797 crebris
984 759 1091 796 ictibus
1100 768 1200 795 muros
1210 764 1383 796 concutiant
1396 761 1580 807 manifestum
1589 761 1627 805 esi
1638 788 1647 796 .
1674 765 1731 797 Sed
1732 764 1760 807 fi
1768 776 1806 809 ‚ig
1807 775 1863 809 ge-

102 814 144 847 ris
152 823 270 860 quoque
279 814 357 845 ratio
365 810 516 847 habeatnr
522 835 533 850 ‚
543 806 681 860 mitrusc'lj
693 820 775 846 terra
784 813 955 848 muniatur,
966 809 1099 857 procleffe
1106 809 1266 856 plurimum
1276 810 1313 852 est
1321 811 1555 854 animaduersum
1566 836 1574 845 .
1586 813 1707 846 uidetur
1735 814 1811 845 enim
1823 824 1864 857 ag

96 873 153 907 ger
161 859 303 908 tanqua‘m
312 862 390 894 muri
397 861 538 895 humerus
547 860 602 905 effe
611 886 620 895 .
633 861 701 894 binc
707 862 842 907 praecipit
850 866 880 895 V
880 861 932 894 itr.
945 869 979 893 ut
987 860 1162 894 munitiones
1177 861 1254 893 muri
1262 882 1271 897 ,
1284 858 1444 907 turriuml1;
1454 858 1619 906 aggeribus
1633 862 1861 907 coniungantur.

101 912 158 944 Sed
164 911 458 944 animaduertendum
462 918 538 957 puto
545 921 688 955 aggerem
696 921 753 943 non
758 909 855 952 stilum
863 909 985 954 intelligi
992 907 1259 955 tei·raefi1xorumt‘l;
1271 911 1436 954 congeriem
1445 931 1455 946 ,
1462 908 1513 951 fed
1521 911 1612 943 etiam
1620 909 1811 957 repletionem
1816 909 1875 952 fos

95 959 134 1003 fic
146 981 156 996 ,
166 957 267 1006 ualliq‘;
277 981 287 996 ‚
298 958 346 992 uel
364 957 489 994 alterius
501 958 698 1006 cuiulcimque
708 957 769 992 loci
782 959 940 995 excaua‘ti,
951 959 980 991 in
989 969 1047 1005 quo
1059 967 1279 1002 exaggeramus
1290 982 1299 992 .
1323 962 1362 992 ,Α
1359 970 1382 1002 g
1382 969 1438 1002 ger
1453 967 1555 992 autem
1572 960 1772 993 Vitruuianns
1788 958 1864 992 nibil

101 1006 184 1041 alind
193 1006 230 1049 eft
250 1006 304 1051 nifi
321 1006 444 1054 repletio
455 1008 623 1045 interualli,
633 1008 714 1055 quod
724 1005 762 1048 esi
773 1008 851 1040 inter
861 1007 934 1040 duos
941 1018 1042 1040 muros
1050 1027 1061 1043 ‚
1071 1004 1304 1047 incarnisciatam
1325 1005 1396 1040 Itali
1418 1015 1527 1040 uocant
1537 1031 1546 1039 .
1572 1012 1685 1052 ,Agger
1701 1018 1771 1041 nero
1781 1030 1791 1044 ‚
1802 1019 1862 1051 quo

100 1054 187 1098 nostri
196 1065 320 1090 utuntur
328 1078 338 1093 ,
349 1055 549 1103 terraplenum
558 1079 567 1094 ‚
577 1065 632 1090 aut
635 1055 765 1102 spaltum
782 1056 880 1089 dicunt
889 1077 899 1093 ‚
911 1053 948 1097 est
957 1057 1033 1088 enim
1043 1052 1264 1098 terraificbal'lx
1275 1055 1431 1100 aggeratio
1442 1055 1573 1100 quedam
1581 1065 1671 1102 parte
1679 1058 1813 1090 interiori
1822 1058 1863 1090 ad

100 1104 398 1152 euitandosfimiptus
406 1127 415 1141 ‚
430 1110 470 1144 (9-
478 1107 648 1141 mimiendos
655 1115 758 1138 muros
765 1106 1068 1139 accommodatamon
1074 1105 1150 1136 enim
1155 1111 1269 1149 putant
1278 1112 1417 1150 oportere
1426 1102 1573 1149 duplicem
1599 1103 1651 1147 effe
1669 1115 1784 1138 murum
1794 1129 1803 1142 ,
1809 1104 1862 1147 seii

100 1165 159 1187 una
167 1154 263 1193 fronte
271 1156 418 1191 contenti,
425 1162 546 1200 partem
557 1176 567 1191 ,
578 1166 640 1202 quae
649 1155 728 1188 ciues
737 1154 852 1199 relpicit
859 1175 870 1190 ,
878 1164 991 1198 aggere
998 1150 1173 1198 amplissimo
1183 1149 1257 1186 bene
1265 1154 1399 1186 muniunt
1408 1174 1418 1189 ‚
1430 1157 1471 1190 (ff
1479 1153 1557 1185 inter
1568 1163 1710 1197 aggerem
1729 1153 1862 1186 miirulos
1907 1178 1909 1181 .

99 1201 242 1249 quosdam
248 1202 514 1249 praefi·riptospatio
523 1202 665 1237 claudunt
672 1225 682 1240 ,
692 1202 908 1250 quossperones
918 1200 967 1235 uel
975 1200 1174 1244 contrafortes
1183 1210 1294 1236 uocant
1303 1224 1313 1239 ‚
1326 1210 1477 1235 terrenum
1485 1202 1562 1234 enim
1571 1209 1645 1247 opus
1654 1202 1784 1247 pondere
1790 1211 1860 1248 pre-

99 1262 181 1285 mens
188 1250 320 1285 murulos
328 1252 407 1289 illos,
418 1252 561 1298 tanqna'm
569 1253 719 1286 antorides
728 1274 737 1288 ‚
750 1257 790 1290 (9-
800 1249 1085 1293 erismata‚continet
1093 1260 1212 1283 murum
1223 1262 1259 1284 ne
1263 1249 1360 1294 fheile
1365 1258 1490 1296 proruat
1508 1274 1518 1284 .

149 1303 167 1333 S
175 1311 193 1333 ε
204 1311 225 1332 ι)
258 1312 324 1333 non
333 1301 365 1334 in
375 1299 527 1334 omnibus
539 1301 618 1334 locis
628 1299 672 1333 est
682 1300 808 1348 aggeris
819 1300 900 1333 ratio
911 1297 1056 1333 facienda
1065 1320 1076 1337 ‚
1085 1298 1141 1333 nisi
1151 1299 1270 1346 quibus
1281 1311 1366 1334 extra
1377 1300 1507 1332 murum
1516 1311 1554 1332 ex
1582 1298 1652 1333 alto
1671 1298 1748 1333 loco
1765 1298 1863 1346 plano

99 1350 182 1396 pede
191 1346 326 1383 accessus
335 1347 431 1382 fuerit
440 1346 479 1382 ad
490 1350 609 1383 moenia
619 1349 838 1395 oppugnanda
852 1373 862 1382 .
1168 1377 1173 1379 .

147 1400 287 1432 Maxime
296 1398 484 1443 offenduntur
491 1400 572 1432 ciues
579 1410 646 1432 cum
656 1407 746 1432 extra
755 1409 856 1431 muros
863 1395 993 1441 accesfiis
1000 1397 1129 1432 bostium
1135 1396 1174 1439 fit
1185 1409 1226 1432 ex
1233 1406 1324 1445 parte
1332 1396 1452 1434 altiori,
1458 1396 1575 1444 semper
1583 1399 1660 1432 enim
1666 1397 1736 1445 plus
1748 1395 1865 1430 [editur

98 1448 151 1494 qui
158 1448 234 1479 imas
240 1454 347 1493 partes
353 1449 382 1480 in
390 1448 549 1494 pugnando
558 1456 641 1481 tenet
651 1462 662 1480 .·
671 1455 862 1494 quapropter
870 1451 902 1482 V
901 1448 952 1480 itr.
964 1449 1085 1492 aggeris
1094 1448 1242 1481 rationem
1252 1445 1306 1490 effe
1314 1444 1483 1480 habendam
1491 1448 1562 1480 dicit
1569 1469 1580 1485 ‚
1594 1459 1663 1481 cum
1672 1445 1711 1480 ab
1720 1443 1865 1489 excelsio-

98 1498 125 1529 ri
133 1494 198 1528 loco
208 1493 304 1536 hostes
312 1504 485 1542 oppugnant
492 1518 503 1534 ‚
515 1496 605 1543 qu-im
612 1498 693 1530 ciues
703 1521 711 1529 .
723 1494 775 1530 ubi
783 1497 876 1541 igitur
885 1507 925 1529 ex
934 1495 997 1529 alto
1007 1495 1072 1530 loco
1080 1495 1171 1543 plano
1178 1497 1253 1542 pede
1261 1494 1391 1539 accessus
1400 1493 1597 1536 bosliumfieri
1623 1494 1715 1542 potesi
1725 1517 1734 1531 ‚
1746 1503 1817 1528 tunc
1824 1505 1865 1540 ag

11 1534 70 1582 -39
92 1545 178 1589 geris
185 1546 264 1577 ratio
273 1542 310 1586 est
318 1542 456 1579 habenda
468 1570 476 1579 .
503 1547 572 1591 ‚Qa
581 1547 697 1579 ratione
706 1544 776 1579 uero
786 1556 881 1590 agger
890 1543 1037 1590 efficiatur
1041 1543 1201 1587 secundum
1211 1550 1243 1579 V
1243 1546 1294 1577 itr.
1299 1542 1495 1591 sequentibus
1505 1542 1607 1578 uerbis
1617 1543 1790 1591 explicatur
1802 1567 1812 1576 .

148 1596 292 1635 ITAQE
320 1593 354 1627 in
363 1591 521 1629 eiusmodi
533 1593 613 1628 locis
624 1595 764 1641 primum
778 1591 863 1627 fossssae
875 1591 947 1627 sunt
956 1591 1108 1627 faciendae
1119 1615 1130 1631 ,
1142 1592 1370 1627 latitudinibus
1379 1616 1389 1630 ,
1399 1597 1430 1626 δι
1440 1591 1663 1626 altitudinibus
1673 1591 1772 1638 quam
1793 1603 1862 1625 am-

97 1638 249 1688 plissimis
260 1667 269 1680 ‚
281 1641 397 1676 deinde
416 1641 664 1677 fundamentum
678 1643 761 1677 inuri
782 1641 1032 1689 deprimendum
1043 1640 1089 1676 est
1110 1643 1194 1676 intra
1220 1642 1346 1675 alueum
1367 1638 1451 1674 fossae
1460 1664 1470 1678 ,
1481 1643 1513 1674 δι
1538 1640 1571 1674 id
1592 1639 1801 1675 extruendum
1817 1639 1864 1674 est

97 1702 133 1724 ea
143 1688 348 1724 crassitudine
366 1716 376 1729 ‚
397 1701 432 1725 ut
449 1704 532 1738 opus
550 1702 712 1725 terrenum
729 1689 821 1724 facile
837 1689 1026 1724 sustineatur
1035 1715 1044 1724 .
1072 1696 1158 1724 Item
1183 1691 1335 1724 interiore
1367 1699 1457 1737 parte
1473 1687 1718 1723 substrufflonis
1726 1714 1736 1728 ,
1747 1687 1863 1722 funda-

97 1749 246 1772 mentum
256 1737 373 1772 distans
383 1739 422 1772 ab
432 1740 589 1772 exteriore
600 1740 753 1772 introrsus
763 1739 874 1783 amplo
884 1736 984 1783 spatio
995 1759 1004 1775 ‚
1015 1737 1280 1772 constituendum
1290 1737 1392 1777 est,ita
1403 1738 1449 1771 uti
1460 1737 1613 1771 cohortes
1626 1736 1749 1784 possint
1762 1750 1862 1784 quem

97 1787 278 1821 admodum
291 1787 324 1819 in
335 1787 401 1820 acie
423 1786 582 1820 instruens:
599 1786 639 1819 ad
656 1785 896 1819 defendendum
916 1783 1006 1831 supra
1017 1787 1218 1824 latitudinem
1227 1787 1355 1835 aggeris
1364 1785 1535 1820 consistere
1548 1812 1556 1820 .
1583 1786 1670 1820 Cum
1683 1798 1790 1820 autem
1803 1784 1861 1820 fun

98 1835 247 1869 damenta
256 1835 299 1868 ita
308 1834 453 1869 distantia
464 1835 548 1869 inter
556 1834 584 1868 se
595 1832 714 1869 fuerint
727 1833 905 1868 constituta
914 1856 925 1873 ‚
935 1844 1011 1868 tunc
1021 1835 1105 1868 inter
1114 1848 1149 1868 ea
1158 1836 1216 1870 alia
1229 1834 1398 1869 transuersa
1409 1835 1582 1868 coniunc‘ta
1597 1860 1608 1874 ‚
1621 1836 1817 1873 exteriori,&
1829 1836 1861 1868 in

97 1883 209 1917 teriori
222 1880 435 1917 fundamento
444 1884 632 1930 peffinatirn
642 1881 800 1928 disposita,
812 1881 1090 1929 quemadmodum
1099 1882 1186 1917 serrae
1197 1884 1308 1918 dentes
1317 1881 1420 1917 s01ent
1428 1882 1487 1917 effe
1498 1908 1508 1923 ‚
1518 1885 1724 1918 collocentur
1735 1908 1742 1916 .
1771 1883 1862 1917 Cum

97 1932 183 1964 enim
194 1929 234 1964 fic
243 1931 303 1964 erit
313 1929 432 1965 factum
444 1954 454 1968 ,
465 1942 542 1965 tunc
552 1932 595 1965 ita
604 1933 711 1965 oneris
731 1932 850 1965 terreni
870 1930 1062 1977 magnitudo
1085 1930 1254 1966 distributa
1273 1932 1306 1965 in
1326 1943 1438 1978 paruas
1456 1943 1565 1978 partes
1574 1958 1584 1974 ,
1593 1944 1699 1980 neque
1716 1931 1861 1966 uniuersa

97 1979 244 2026 pondere
257 1991 403 2025 premens
413 2002 423 2018 ‚
436 1980 556 2024 poterit
567 1980 629 2014 ulla
640 1980 764 2014 ratione
776 1979 947 2013 extrudere
958 1979 1041 2013 muri
1065 1977 1322 2014 substruetiones
1331 2005 1340 2014 .

7 2023 72 2074 ἦρ
151 2034 224 2063 Cum
232 2027 333 2062 hoftes
341 2038 513 2075 oppugnant
520 2051 532 2066 ‚
544 2038 599 2063 aut
608 2027 647 2063 ab
656 2029 791 2071 inferiori
796 2037 886 2075 parte
893 2051 903 2066 ,
913 2036 968 2062 aut
976 2041 996 2062 a
998 2027 1144 2076 superiori
1151 2038 1325 2076 oppugnant
1335 2028 1376 2074 :fi
1382 2028 1421 2064 ab
1429 2030 1562 2073 inferiori
1570 2037 1641 2063 tunc
1653 2039 1754 2064 murus
1759 2028 1860 2073 fticien

98 2078 157 2111 dus
166 2075 204 2118 est
224 2089 259 2111 ea
276 2079 393 2111 ratione
403 2102 413 2116 ,
427 2090 487 2132 qua
498 2076 662 2125 fitpradissri
665 2086 678 2112 t
696 2083 726 2113 V
727 2079 778 2111 itr.
789 2089 824 2111 ea
842 2077 959 2120 scilicet
985 2078 1172 2123 craffitudine
1195 2081 1240 2112 uti
1264 2080 1376 2111 armati
1391 2078 1524 2112 homines
1538 2078 1635 2124 fiipra
1654 2076 1774 2112 obuiam
1810 2091 1864 2113 ue-

99 2127 213 2160 nientes
221 2125 299 2160 alius
313 2125 406 2160 alium
417 2136 482 2170 Jine
499 2128 687 2173 impeditione
700 2128 855 2172 preterire
864 2125 951 2173 poffit
971 2151 980 2160 .
1003 2128 1074 2161 item
1090 2127 1208 2170 frontes
1225 2136 1356 2174 utreque
1364 2128 1442 2161 muri
1464 2126 1553 2160 taleis
1569 2126 1729 2173 oleagineis
1748 2126 1861 2170 ustula-

97 2176 138 2208 tis
153 2176 359 2220 coniungendae
372 2198 382 2213 ,
400 2185 434 2210 ut
445 2175 563 2218 firmius
581 2177 787 2209 contineantur
803 2199 812 2209 .
830 2186 888 2208 non
903 2177 980 2209 enim
999 2185 1074 2222 opus
1094 2174 1132 2217 est
1158 2173 1312 2217 inliruc‘ias
1337 2178 1417 2210 acies
1440 2177 1469 2209 in
1497 2174 1543 2209 his
1557 2174 1633 2210 locis
1644 2188 1747 2212 muros
1760 2176 1861 2219 asien-

98 2224 166 2257 dere
177 2247 186 2256 .
198 2222 309 2270 quodsi
316 2236 335 2257 a
337 2224 453 2271 superio
458 2226 483 2258 ri
486 2232 579 2271 parte
588 2225 787 2270 oppugnaturi
794 2225 941 2258 accedunt
950 2246 960 2262 ‚
970 2233 1042 2258 tunc
1051 2235 1153 2257 murus
1161 2225 1332 2257 muniendus
1339 2224 1385 2259 est
1393 2247 1404 2262 ,
1413 2233 1514 2258 turres
1523 2226 1593 2258 item
1603 2247 1611 2262 ‚
1621 2233 1714 2272 atque
1736 2225 1796 2259 alia
1803 2235 1860 2272 pro

94 2269 267 2318 pugnacula
270 2271 424 2315 fulcienda
433 2296 442 2310 ,
457 2273 514 2307 boc
523 2274 611 2307 modo
620 2294 629 2309 ‚
642 2284 699 2320 quo
710 2273 783 2306 dicit
792 2278 822 2307 V
823 2274 874 2306 itr.
883 2275 1020 2307 ‘Primum
1029 2274 1105 2306 enim
1107 2272 1188 2316 foffic
1197 2271 1594 2319 ampliffimaefiintfficiendae
1602 2296 1611 2310 ‚
1623 2285 1692 2307 nam
1715 2273 1858 2320 probibe—

97 2318 184 2354 bitur
192 2318 322 2364 acceffus
330 2322 369 2355 ad
375 2333 476 2356 muros
483 2321 641 2356 latitudine
650 2344 660 2358 ‚
669 2329 760 2367 atque
768 2320 923 2355 altitudine
926 2320 1071 2368 fqffizrum
1082 2346 1091 2355 .
1101 2320 1324 2367 deindeduplex
1330 2333 1432 2356 murus
1441 2320 1649 2364 construendus
1666 2323 1712 2356 eft
1725 2344 1735 2359 ,
1749 2322 1859 2365 utrius-

97 2380 157 2416 que
166 2377 267 2402 autem
277 2372 356 2403 ratio
370 2371 559 2414 fundationis
566 2371 669 2404 eadem
679 2371 734 2403 erit
745 2384 755 2404 .·
763 2381 832 2404 nam
833 2370 1064 2413 fundamentum
1072 2371 1291 2417 deprimendum
1300 2369 1338 2412 eft
1346 2372 1426 2405 intra
1436 2369 1468 2404 al
1470 2372 1557 2403 iieum
1560 2369 1640 2414 fossio
1649 2393 1660 2408 ‚
1672 2376 1714 2410 ὥ)
1732 2380 1860 2404 extruen

98 2420 168 2451 dum
178 2417 288 2454 latius,
300 2423 341 2457 Θ
349 2418 469 2464 crassius
478 2418 569 2466 quiim
578 2430 683 2453 murus
693 2441 702 2456 ,
714 2430 764 2465 qui
777 2417 870 2466 supra
880 2420 909 2453 id
916 2421 975 2453 erit
978 2419 1104 2463 futurus
1112 2440 1122 2456 ‚
1132 2430 1201 2452 nam
1210 2421 1253 2452 ita
1263 2421 1389 2465 requirit
1392 2419 1659 2463 fundamentorum
1670 2421 1760 2456 ratio,
1770 2431 1859 2467 quenz

98 2467 256 2500 admodum
260 2466 407 2514 fiiperiori
414 2471 512 2515 capite
521 2468 631 2502 dilium
641 2466 696 2509 esi,
710 2473 750 2506 εἰν
758 2474 831 2513 opus
849 2475 999 2501 terrenum
1010 2466 1134 2511 ftzcilius
1141 2466 1332 2510 sustinebitur
1341 2492 1350 2500 .
1376 2468 1484 2502 trena
1503 2467 1560 2501 hac
1578 2470 1656 2501 muri
1666 2468 1783 2509 fronte,
1795 2479 1858 2515 (με

7 2534 13 2548 1
32 2511 75 2563 50
101 2513 193 2555 hostes
200 2516 314 2562 respicit
321 2538 332 2553 ‚
343 2515 592 2563 &fiiprafhffizm
604 2516 686 2551 elata
694 2539 704 2553 ,
715 2514 902 2556 construenda
913 2517 959 2551 es‘t
967 2515 1064 2550 altera
1067 2516 1151 2558 frons
1160 2525 1249 2562 parte
1256 2514 1391 2550 interiori
1408 2528 1427 2549 a
1443 2518 1537 2562 priori
1561 2515 1725 2562 plurimum
1731 2515 1836 2557 distans
1844 2539 1857 2554 ,

100 2573 170 2595 nam
177 2565 254 2598 inter
263 2563 369 2599 ambas
370 2566 488 2608 frontes
496 2567 740 2611 exaggerandum
750 2561 806 2605 ells',
818 2563 953 2612 &fiipra
963 2576 1103 2611 aggerem
1111 2564 1359 2608 inftruendaesunt
1374 2566 1455 2598 acies
1472 2567 1699 2610 repugnantium
1709 2589 1718 2597 .
1744 2566 1857 2598 Erei‘iis

95 2609 247 2653 frontibus
253 2634 265 2650 ‚
273 2613 322 2647 uel
323 2615 460 2657 fundatis
463 2615 566 2660 potius
573 2636 584 2651 ‚
588 2615 785 2658 fundamenta
794 2621 922 2660 utraque
937 2613 1010 2657 sunt
1027 2614 1192 2659 colliganda
1201 2636 1211 2651 ‚
1222 2619 1263 2653 (φ
1281 2613 1366 2660 quafi
1373 2613 1572 2647 corinelienda
1580 2612 1856 2658 alus-fundamentis

102 2658 273 2702 transuersis
280 2683 291 2698 2
301 2673 364 2709 quae
372 2661 412 2697 ab
420 2674 480 2697 una
488 2664 528 2697 ad
535 2662 628 2697 aliam
631 2663 761 2706 frontem
767 2671 951 2709 procurrant
958 2685 969 2700 ,
977 2664 1022 2696 ita
1034 2662 1166 2708 dispofita
1175 2684 1187 2699 ‚
1198 2663 1445 2709 quemadmodum
1455 2661 1543 2704 serre
1552 2662 1654 2695 dentes
1670 2674 1707 2695 ac
1723 2662 1856 2708 pectina⁴

102 2708 158 2741 tim
169 2728 179 2744 ›
189 2716 223 2740 ut
227 2706 343 2748 firmins
350 2711 489 2758 utrosque
496 2722 600 2745 muros
607 2713 777 2746 contineant
786 2733 796 2748 ‚
805 2722 844 2744 ac
850 2722 890 2757 ag
889 2713 973 2756 geris
975 2712 1092 2758 pondus
1100 2712 1177 2745 inter
1178 2710 1212 2754 si:
1219 2709 1393 2752 distribuant
1401 2732 1411 2747 ‚
1421 2712 1464 2744 ita
1481 2719 1515 2744 ut
1516 2708 1692 2752 substructio
1708 2708 1856 2756 nilx'lpati

99 2754 327 2802 poffit.Calcato
336 2761 552 2804 igitureterreno
561 2770 651 2807 opere
661 2758 833 2803 &solidato
847 2781 858 2798 ‚
867 2771 1020 2794 murorum
1026 2760 1139 2802 frontes
1147 2758 1388 2797 continebunt‚ac
1396 2758 1468 2794 uero
1480 2757 1518 2793 ob
1526 2756 1857 2802 tranfitersafimiainen

103 2812 137 2838 ta
144 2813 281 2852 premere
290 2810 330 2845 (φ
339 2809 496 2843 extrudere
503 2811 582 2843 muri
582 2807 810 2853 fiibftrubiiones
817 2810 935 2842 minime
939 2810 1054 2857 poterit
1064 2833 1074 2842 .

152 2854 213 2889 DE
239 2852 307 2902 ipso
316 2865 423 2902 autem
430 2868 526 2898 muro
536 2857 769 2905 equamateria
779 2855 981 2901 struatur.aut
991 2855 1196 2905 perficiatur,
1205 2856 1282 2892 ideo
1291 2868 1359 2890 non
1368 2855 1420 2897 est·
1438 2854 1803 2903 praefiniendum:‚qt²qd
1822 2856 1855 2889 in

102 2902 367 2942 omnibusel‘ocis,
377 2902 453 2952 qua's
461 2906 613 2952 optamus
624 2906 735 2953 copias
745 2929 755 2945 ,
764 2904 814 2939 eas
827 2904 896 2940 non
905 2900 1074 2952 possumds
1085 2902 1203 2940 habere
1212 2927 1221 2943 ‚
1233 2905 1284 2939 sed
1296 2905 1350 2940 ubi
1360 2903 1431 2940 sunt
1442 2904 1509 2939 saxa
1519 2905 1600 2953 quad
1607 2916 1669 2939 rata
1680 2930 1689 2944 ‚
1698 2904 1762 2939 fiue
1781 2903 1852 2937 silex

102 2950 169 2989 flue
178 2963 370 2991 caementum
380 2963 455 2992 saut
463 2954 662 2993 coetusiater
669 2977 681 2993 ‚
692 2954 755 2990 flue
765 2954 882 2990 crudus
891 2976 903 2992 ,
913 2955 961 2990 his
972 2956 1034 2991 erit
1041 2954 1203 2996 utendum
1214 2979 1223 2989 .
1234 2954 1317 2989 Non
1325 2956 1412 2990 enim
1422 2955 1642 3002 utissabylone
1652 2953 1852 2989 abundantes

27 2998 74 3033 60
103 2999 230 3048 liquido
238 3000 398 3055 bitumine
406 3023 417 3055 2
426 3014 489 3051 pto
498 3000 602 3045 calces*
611 3008 644 3041 &
653 3002 746 3041 arena
754 3026 765 3044 ,
776 3007 810 3041 δε
821 3000 919 3039 ¹costo
930 3004 1028 3040 latere
1036 3001 1161 3052 fastum
1172 3002 1292 3040 habent
1301 3016 1430 3043 murum
1439 3028 1450 3046 ‚
1461 3004 1501 3041 fic
1510 3004 1589 3048 ,item-
1595 2999 1727 3052 postfunt
1735 3013 1854 3075 gurnqs

470 3053 475 3057 ν
488 3053 493 3058 -
519 3052 523 3058 ·
580 3066 583 3069 .
711 3065 719 3069 .
774 3052 776 3055 ·
905 3061 909 3066 -
1000 3053 1003 3056 ·
1119 3060 1122 3063 ·
1242 3058 1245 3060 ·
1705 3056 1855 3096 xeniones

19 1042 73 1065 ,20
