2241 3318
298 117 366 154 352
905 109 1299 151 *IIBER

291 182 342 217 ubi
347 180 448 224 fistulae
457 183 682 226 coniunguntur,
692 181 722 215 in
733 179 852 215 naribus
878 178 957 214 alias
967 178 1078 214 habent
1088 179 1249 218 animulam
1259 189 1321 226 quae
1327 179 1512 226 aperiuntur,
1524 187 1557 213 ut
1565 190 1632 214 cum
1641 191 1694 214 aer
1700 181 1729 214 in
1737 181 1879 216 modiolos
1886 182 2037 219 attrac'lus

284 231 392 276 fuerit»
404 237 444 269 ej*
450 230 584 274 fundulis
592 230 713 276 preffiffi
723 241 798 263 axes
810 252 820 267 ,
830 228 995 276 animulaelss
1007 230 1133 272 infundo
1141 229 1242 276 pofitae
1261 226 1441 262 claudantur
1450 251 1460 265 ‚
1471 235 1512 268 (sy
1520 240 1596 262 axes
1609 228 1782 270 fistularum
1790 234 1963 278 aperiantur
1973 255 1983 269 ι
1994 238 2035 272 &⁴

290 292 343 314 aer
346 278 454 322 subeat
465 282 492 312 in
499 277 614 320 fistulas
624 301 634 316 ,
644 290 706 325 quae
715 280 755 312 ad
767 277 983 322 infundibulum
991 280 1103 312 ducunt
1113 297 1122 315 ‚
1132 280 1180 312 cui
1188 276 1470 323 coagmentataefimt
1480 302 1489 311 .
1517 278 1691 311 Extollenda
1701 280 1791 323 igitur
1800 280 1899 313 zze-fles
1909 302 1919 318 ‚
1927 280 2035 327 quibus

289 329 451 373 alligantur
465 336 573 361 catenae
583 350 592 364 ,
604 339 666 375 qux
697 326 835 374 cymbala
844 326 968 364 babent,
979 325 1155 371 (hannem
1166 338 1218 360 nos
1229 327 1351 360 dicimus
1360 326 1379 367 )
1389 328 1418 359 in
1436 326 1580 360 modiolos
1590 326 1721 371 depr-effa
1737 326 1914 370 abfhrbetur
1921 342 1973 363 aer
1978 339 2035 376 per

291 388 376 414 axes,
382 383 422 414 ct]-
433 376 735 422 aninaiclas‚q11aefimt
743 376 881 420 infundo,
894 381 935 415 (ῤ’
943 375 1099 412 calcando,
1101 375 1293 422 premendotss
1299 376 1405 422 pofiea
1409 375 1459 416 fit,
1469 384 1503 409 ut
1510 388 1562 409 aer
1567 385 1620 421 per
1625 374 1742 416 fistulas
1753 399 1762 414 ,
1772 379 1811 410 ad
1818 376 2033 421 infundibulum

290 426 468 471 impellatur,
479 431 520 465 (y-
527 435 580 472 per
590 425 780 463 ceruiculam,
791 423 930 472 collumq·
941 426 1004 458 eius
1013 426 1053 458 ad
1061 423 1196 457 arculam
1207 425 1295 470 usque
1304 426 1467 470 pertingat,
1477 424 1574 472 camai·
1580 423 1700 467 subiens
1709 425 1824 471 repleat
1835 450 1842 463 ‚
1853 428 1919 460 inde
1928 426 2030 473 episto-

290 476 350 508 mia
361 476 537 520 aperiuntur
545 473 584 508 ab
594 473 700 508 arcula
728 475 767 508 ad
776 472 905 510 canales,
917 477 936 518 (
944 472 1077 518 registros
1085 474 1210 506 dicimus
1217 473 1237 515 )
1248 475 1276 505 in
1288 472 1407 506 canales
1417 484 1469 506 aer
1469 472 1553 516 subit
1563 499 1571 511 ,
1583 476 1635 521 qui
1642 484 1700 506 non
1717 475 1801 520 prius
1809 476 1850 508 ad
1851 474 1978 516 sonoras
1981 475 2030 518 fi-

286 521 379 565 stulu)
396 522 525 565 ascendit
534 545 543 560 ‚
557 523 645 569 qudm
654 521 790 556 manibus
798 521 972 565 musicorum
978 524 1071 567 pinnas
1078 530 1253 567 premantur
1262 543 1271 558 ‚
1281 530 1374 567 pisente
1384 530 1484 555 autem
1502 522 1644 567 choragia
1656 522 1825 566 regularum
1841 534 1961 558 mouent
1974 546 1985 562 ‚
1995 533 2030 559 ut

291 569 397 615 regula·
408 572 471 604 inde
483 571 613 614 uersata,
624 573 700 604 inter
709 583 833 608 canona,
844 576 884 609 (7-
895 568 1030 604 tabulam
1034 570 1184 613 foramina
1193 592 1203 607 ‚
1213 581 1274 616 quat
1283 567 1395 603 habent
1403 567 1491 604 obuia
1500 593 1510 607 ,
1521 577 1562 610 &⁸
1571 573 1675 618 peruia
1680 570 1800 614 filciant
1807 571 2008 615 foraminibus
2017 595 2027 611 ‚

290 618 424 667 quaefimt
437 622 465 653 in
477 627 646 659 canona&
656 623 684 653 in
690 619 806 662 summa
816 618 977 658 tabulam?-
987 617 1080 652 libere
1089 627 1178 651 exeat
1187 619 1304 664 spiritus
1312 619 1351 651 ad
1353 618 1482 660 sonorm
1486 618 1604 661 fistulas
1614 633 1633 653 a
1647 631 1775 666 quarum
1784 632 1903 663 numero
1914 624 2029 666 organu'

291 668 504 703 tetrachordon
515 690 524 706 ‚
538 669 727 703 exactiordon
738 690 746 705 ,
759 666 807 701 uel
817 666 1078 707 ob't'ochordonmel
1088 666 1387 714 etiampolychordon
1401 670 1581 702 nominatur.
1593 679 1654 715 qua:
1665 670 1763 702 omnia
1773 680 1812 703 ex
1822 671 2028 715 diagramma-

291 716 400 760 tefiztis
408 719 560 752 commode
571 718 692 762 intelligi
698 716 828 764 poffimt.

447 814 570 891 Qu
593 818 769 869 ratione
786 814 945 877 rheda,
960 812 1036 870 uel
1040 818 1156 869 naui
1173 818 1295 870 ued't‘i
1311 786 1549 894 perustum
1561 820 1654 871 iter
1683 816 1834 872 deme-

675 910 868 948 namur.
1247 899 1355 971 Cap.
1439 899 1496 949 X
1498 900 1525 949 l
1533 897 1564 947 l
1569 900 1602 950 l
1605 899 1637 950 Ι.

461 1038 471 1046 ε
492 1012 777 1048 Ransrrnaa-vn
803 1023 889 1045 nunc
898 1012 1060 1059 cogitatus
1072 1012 1230 1058 scriptura:
1240 1011 1278 1045 ad
1290 1011 1446 1045 rationem
1459 1021 1526 1045 non
1537 1012 1683 1047 inutilem
1695 1035 1706 1050 ‚
1725 1011 1779 1048 sed
1796 1011 1914 1046 summa
1928 1012 2026 1047 soler-

516 1064 557 1096 tia
567 1077 583 1097 a
601 1061 776 1095 maioribus
789 1061 952 1094 traditam.-
962 1075 1023 1108 qua
1035 1063 1068 1095 in
1080 1064 1127 1095 uia
1141 1061 1235 1096 rheda
1249 1059 1399 1098 sedentes,
1412 1061 1460 1094 uel
1474 1062 1552 1094 mari
1563 1062 1750 1110 nauigantes
1761 1083 1772 1098 ‚
1783 1060 1857 1095 scire
1868 1060 2026 1107 possimus

399 1134 416 1141 ‚.
435 1104 473 1129 s
517 1123 599 1157 quot
610 1111 706 1144 millia
717 1122 852 1143 numero
864 1110 985 1143 itineris
997 1109 1164 1143 fecerimus
1174 1135 1182 1143 .
1211 1111 1402 1143 Hocautem
1413 1110 1471 1143 erit
1482 1109 1522 1142 fic
1533 1135 1542 1144 .
1570 1111 1677 1149 Rotae,
1689 1123 1758 1158 quae
1768 1121 1860 1144 erunt
1874 1111 1905 1144 in
1917 1110 2023 1150 rheda,

461 1155 473 1158 μ
517 1161 573 1195 sint
584 1161 651 1193 latae
662 1171 716 1206 per
726 1159 868 1192 medium
888 1157 1068 1192 diametron
1078 1159 1195 1206 pedum
1215 1169 1418 1205 quaternum,
1430 1161 1461 1192 &
1481 1158 1635 1200 sextantis;
1646 1171 1680 1192 ut
1690 1172 1764 1192 cum
1779 1158 1906 1192 finitum
1916 1160 2027 1194 locum

289 1208 404 1242 babeat
414 1223 446 1242 ιιι
457 1216 485 1242 le
496 1221 579 1248 rota,
591 1209 629 1243 ab
641 1208 717 1254 eoc'15
731 1208 860 1253 incipiat
871 1208 1079 1253 progrediens
1089 1208 1121 1241 in
1133 1205 1205 1241 solo
1226 1207 1283 1240 uiae
1303 1204 1404 1240 facere
1422 1205 1633 1241 uersationem
1647 1229 1656 1245 ‚
1669 1207 1888 1254 perueniendo
1905 1207 1945 1241 ad
1955 1219 2026 1243 eam

289 1256 483 1295 finitionem,
492 1270 509 1290 a
524 1271 587 1305 qua
596 1258 731 1302 coeperit
743 1252 868 1294 uersari,
880 1267 1001 1289 certum
1012 1257 1148 1290 modum
1168 1254 1253 1301 spatij
1265 1254 1399 1289 habeant
1410 1255 1571 1301 peractum
1584 1256 1703 1302 pedum
1735 1268 1746 1289 1
1758 1268 1771 1288 ι
1781 1281 1788 1288 .
1816 1257 1878 1289 His
1889 1257 1930 1290 ita
1948 1268 2029 1303 prae-

291 1306 408 1351 paratis
431 1316 507 1340 tunc
518 1307 550 1339 in
572 1317 650 1339 rotae
661 1305 812 1339 modiolo
822 1304 860 1337 ad
871 1315 992 1350 partem
1003 1306 1190 1338 interiorem
1200 1329 1211 1343 ‚
1221 1315 1408 1350 tympanum
1420 1302 1570 1338 stabiliter
1592 1305 1792 1343 includatur,
1806 1305 1923 1338 habens
1941 1316 2028 1339 extra

290 1353 434 1388 frontem
445 1353 501 1388 suae
513 1354 751 1389 rotundationis
761 1364 922 1387 extantem
933 1352 1132 1387 denticulum
1145 1365 1245 1387 unum
1258 1376 1267 1386 .
1294 1352 1424 1400 Insuper
1433 1363 1539 1386 autem
1551 1354 1591 1389 ad
1619 1352 1746 1400 capsum
1771 1352 1873 1387 rhedae
1883 1376 1894 1392 ,
1908 1354 2027 1387 locula-

290 1414 437 1436 mentum
449 1402 584 1437 firmiter
595 1402 721 1449 figatur,
732 1401 849 1435 habens
860 1413 1047 1448 tympanum
1058 1401 1210 1441 uersatile‚
1221 1402 1252 1435 in
1263 1402 1367 1435 cultro
1378 1402 1587 1440 collocatum,
1598 1406 1629 1437 &
1642 1403 1674 1436 in
1686 1403 1813 1436 axiculo
1824 1399 2024 1436 conclusum.

289 1453 330 1486 In
344 1452 434 1485 cuius
446 1453 588 1498 tympani
600 1450 741 1485 frontem
759 1451 916 1485 denticuli
929 1449 1134 1495 perficiantur
1148 1451 1310 1497 aequaliter
1323 1449 1414 1484 diuifi
1433 1462 1568 1484 numero
1581 1451 1819 1498 quadringenti,
1830 1451 2027 1485 conuenien-

289 1511 338 1533 tes
354 1499 522 1534 denticulo
533 1502 672 1547 tympani
685 1497 847 1534 inferioris
859 1522 866 1530 .
895 1502 1042 1534 Praeterea
1053 1497 1207 1547 superiori
1218 1510 1372 1546 tympano
1383 1498 1419 1533 ad
1433 1500 1514 1533 latus
1524 1497 1640 1547 figatur
1656 1500 1734 1533 alter
1757 1499 1939 1533 denticulus
1949 1511 2027 1545 pro-

289 1549 416 1583 minens
425 1560 509 1582 extra
520 1549 631 1583 dentes
643 1574 651 1583 .
662 1547 867 1595 superantem
877 1548 1006 1582 tertium
1019 1560 1203 1594 tympanum
1218 1548 1347 1594 planum
1371 1548 1480 1582 cadem
1493 1549 1615 1582 ratione
1633 1547 1800 1582 dentatum
1818 1546 1973 1581 inclusum
1991 1548 2024 1581 in

288 1598 424 1631 alterum
435 1598 692 1631 loculamentum
703 1597 883 1630 collocetur
901 1596 1168 1631 conuenientibus
1188 1595 1337 1630 dentibus
1348 1595 1513 1630 denticulo
1522 1619 1531 1634 ‚
1540 1598 1596 1644 qui
1614 1597 1646 1630 in
1657 1592 1785 1630 secundi
1795 1597 1935 1642 tympani
1947 1597 2025 1629 late-

289 1659 322 1681 re
331 1643 428 1680 fuerit
439 1645 532 1681 fixus:
544 1647 575 1680 in
585 1650 658 1693 eoq3
669 1657 822 1693 tympano
833 1644 990 1679 foramina
1002 1644 1092 1683 fiant,
1103 1656 1259 1691 quantum
1270 1644 1373 1678 diurni
1386 1645 1508 1679 itineris
1519 1645 1730 1679 miliariorum
1741 1657 1876 1678 numero
1886 1656 1960 1678 cum
1969 1643 2025 1678 the

288 1696 328 1729 da
339 1694 437 1741 possit
449 1696 540 1734 exiri,
551 1695 656 1729 minus
666 1695 777 1741 plusve
788 1706 853 1727 rcrn
864 1693 943 1728 nihil
953 1695 1102 1740 impedit.-
1111 1694 1183 1727 &in
1194 1692 1241 1726 his
1259 1691 1474 1727 foraminibus
1500 1695 1652 1728 omnibus
1671 1693 1783 1728 calculi
1803 1693 2022 1730 collocentur,

288 1744 361 1791 inc'13
372 1744 438 1777 eius
450 1744 593 1792 tympani
603 1743 692 1777 theca
703 1748 715 1786 (
726 1743 787 1777 siue
798 1743 831 1778 id
841 1743 1094 1776 loculamentum
1105 1742 1168 1782 est)
1181 1742 1234 1775 fiat
1245 1739 1403 1779 foramen,
1415 1753 1513 1776 unum
1525 1743 1641 1777 habens
1656 1743 1944 1788 canaliculum,qua
1955 1742 2025 1775 cal-

289 1795 374 1830 culi,
384 1792 438 1839 qui
456 1794 489 1826 in
499 1804 540 1827 eo
551 1804 704 1838 tympano
716 1791 858 1838 impositi
868 1790 984 1825 fuerint
1001 1813 1011 1829 ‚
1023 1803 1097 1824 cum
1107 1790 1145 1824 ad
1157 1803 1230 1824 eum
1248 1792 1358 1824 locum
1376 1792 1538 1829 uenerint,
1549 1792 1581 1825 in
1599 1791 1701 1825 rheda:
1713 1788 1838 1837 capsum
1848 1793 1879 1824 δι
1901 1803 1955 1824 uas
1982 1802 2025 1824 ae-

288 1854 399 1880 neum,
409 1841 501 1888 quod
512 1841 572 1875 erit
585 1839 796 1886 suppositum,
815 1839 930 1887 singuli
949 1840 1060 1875 cadere
1071 1838 1191 1886 possint
1205 1864 1215 1873 .
1227 1841 1274 1873 Ita
1284 1851 1358 1872 cum
1369 1850 1438 1872 rota
1449 1841 1660 1887 progrediens
1680 1837 1786 1874 secum
1804 1851 1875 1886 agat
1897 1850 2025 1886 tympa-

289 1902 368 1925 num
380 1891 495 1929 imum,
506 1894 537 1924 δι
550 1890 747 1924 denticulum
760 1890 826 1923 eius
844 1888 975 1936 singulis
984 1886 1216 1923 uersationibus
1234 1889 1376 1935 tympani
1395 1886 1563 1933 superioris
1573 1889 1756 1922 denticulos
1775 1886 1912 1936 impulsu
1924 1898 2024 1934 cogat

289 1939 461 1986 praeterire,
472 1936 605 1976 efficiet,
615 1949 649 1972 ut
668 1951 740 1972 cum
752 1938 980 1985 quatercenties
989 1939 1092 1971 imum
1109 1935 1266 1970 uersatum
1276 1934 1370 1970 fuerit
1381 1960 1391 1975 ‚
1403 1935 1539 1984 superius
1549 1949 1738 1987 tympanum
1757 1936 1851 1971 semel
1867 1938 2024 1971 circuma-

289 1999 397 2034 gatur,
408 1991 438 2022 &
451 1987 643 2024 denticulus,
656 1988 709 2033 qui
720 1986 764 2020 cst
774 1987 904 2021 adlatus
915 1987 979 2019 eius
990 1984 1082 2022 fixus,
1093 1998 1191 2019 unum
1202 1984 1402 2019 denticulum
1413 1987 1555 2033 tympani
1566 1988 1652 2033 plani
1671 1985 1827 2031 producat
1838 2010 1847 2020 .
1875 1986 1962 2019 Cum
1972 1997 2023 2018 er-

288 2050 336 2084 go
347 2036 630 2083 quadringentenis
641 2033 934 2070 uersationibusimi
947 2035 1087 2081 tympani
1098 2033 1211 2071 ‚semel
1229 2032 1367 2079 superius
1382 2032 1573 2073 uersabitur,
1585 2031 1764 2081 progressus
1784 2031 1905 2068 efficiet
1924 2032 2022 2080 spatia

288 2085 409 2132 pedum
420 2086 518 2119 millia
528 2085 683 2131 quinque,
694 2082 775 2119 idest
786 2083 883 2130 pallus
895 2083 1048 2122 mille,Ex
1061 2082 1205 2128 eo‚quod
1218 2083 1328 2116 calculi
1338 2082 1515 2117 deciderint
1528 2082 1671 2117 sonando
1682 2082 1800 2129 singula
1814 2082 1909 2115 millia
1920 2080 2022 2125 exiisse

289 2133 474 2170 monebunt
483 2159 492 2167 .
518 2133 682 2167 Numerus
692 2145 770 2166 uero
780 2133 976 2166 calculorum
994 2144 1030 2165 ex
1041 2132 1108 2165 imo
1119 2131 1275 2166 collectus
1284 2154 1294 2170 ‚
1304 2130 1423 2164 summa
1433 2132 1538 2166 diurni
1559 2133 1768 2166 miliariorum
1779 2130 1899 2164 itineris
1909 2143 2023 2164 nume-

290 2195 364 2218 rum
375 2182 542 2217 indicabit.
571 2180 847 2227 Nauigationibus
859 2192 936 2214 uero
947 2179 1089 2214 [imiliter
1099 2180 1208 2227 paucis
1221 2179 1313 2214 rebus
1331 2182 1540 2214 commutatis
1558 2180 1668 2215 eadem
1685 2179 1808 2213 ratione
1825 2176 2022 2214 efficiuntur.

288 2243 417 2278 nanque
427 2231 582 2275 traijcitur
593 2243 650 2276 per
670 2232 765 2264 latera
782 2230 939 2276 parietum
959 2230 1021 2263 axis
1038 2228 1156 2263 habens
1181 2239 1266 2263 extra
1284 2241 1398 2262 nauem
1418 2229 1633 2275 prominentia
1644 2228 1745 2272 capita
1754 2251 1764 2266 ‚
1779 2227 1811 2261 in
1830 2239 1900 2274 quae
1918 2229 2022 2262 inclu-

289 2282 412 2315 duntur
424 2290 502 2313 rotae
512 2278 673 2313 diametro
694 2279 812 2325 pedum
823 2289 1012 2326 quaternum
1021 2303 1032 2317 ‚
1044 2281 1075 2312 ἃ
1084 2275 1241 2315 sextantis
1251 2277 1402 2312 habentes
1412 2279 1494 2312 circa
1516 2276 1642 2312 frontes
1656 2274 1765 2310 affixas
1775 2277 1886 2321 pinnas
1903 2289 1920 2310 a
1947 2289 2021 2312 uam

289 2339 459 2376 tangentes
469 2351 478 2361 .
504 2329 588 2362 Item
599 2328 721 2362 medius
731 2329 794 2362 axis
804 2327 837 2361 in
847 2326 951 2361 media
961 2327 1032 2360 naui
1043 2325 1137 2359 habet
1147 2337 1423 2372 tympanum,cum
1435 2339 1501 2360 uno
1513 2326 1677 2362 denticulo
1695 2326 1816 2359 extanti
1834 2289 2020 2360 extracsuam

287 2376 540 2412 rotunditatem.
569 2375 618 2410 Ad
628 2388 700 2410 eum
711 2377 822 2410 locum
834 2377 1015 2410 collocatur
1032 2374 1420 2414 loculamentum,habens
1438 2373 1671 2410 inclusuininse
1691 2385 1880 2421 tympanum
1893 2396 1903 2412 ‚
1920 2386 2020 2421 perae-

287 2426 392 2474 quatis
409 2424 558 2459 dentibus
570 2424 823 2472 quadringentiS‚
833 2423 1104 2458 conuenientibus
1122 2423 1288 2458 denticulo
1299 2424 1460 2471 tympani,
1471 2423 1562 2471 quod
1572 2421 1616 2457 est
1641 2423 1673 2456 in
1682 2435 1738 2457 axe
1748 2422 1903 2458 inclusum
1917 2434 2019 2469 :ptae-

287 2487 372 2510 terea
381 2474 420 2508 ad
433 2475 514 2508 latus
531 2472 662 2508 affixum
672 2484 834 2508 extantem
846 2483 931 2506 extra
949 2472 1180 2506 rotunditatem
1190 2473 1326 2506 alterum
1339 2471 1468 2506 dentem
1479 2497 1489 2506 .
1518 2473 1625 2506 Vnum
1636 2470 1762 2517 insuper
1771 2472 1804 2505 in
1812 2473 1912 2506 altero
1923 2472 2018 2505 locu-

287 2525 432 2559 lamento
442 2535 516 2557 cum
525 2534 565 2557 eo
574 2522 720 2560 confixo,
732 2519 891 2556 inclusum
901 2532 1088 2567 tympanum
1106 2521 1237 2566 planum
1253 2521 1292 2555 ad
1301 2521 1437 2555 eundem
1447 2520 1584 2555 modum
1595 2521 1772 2557 dentatum,
1783 2521 1901 2568 quibus
1910 2519 2017 2554 denti-

288 2572 349 2607 bus
358 2572 553 2609 denticulus,
569 2572 624 2618 qui
633 2570 676 2605 est
693 2571 732 2604 ad
746 2572 826 2605 latus
836 2568 917 2603 fixus
928 2580 1083 2615 tympano
1093 2596 1102 2610 ,
1117 2569 1205 2615 quod
1218 2569 1304 2603 estin
1314 2570 1419 2604 cultro
1431 2570 1631 2604 collocatum
1641 2569 1674 2603 in
1686 2580 1742 2602 eos
1755 2569 1937 2614 dentes,qui
1948 2566 2017 2603 sunt

288 2621 376 2668 plani
394 2621 548 2666 tympani,
559 2619 688 2667 {iugulis
700 2617 930 2654 uersationibus
942 2616 1083 2664 singulos
1093 2617 1203 2652 dentes
1214 2618 1411 2665 impellendo
1422 2620 1454 2653 in
1463 2619 1590 2656 orbem,
1603 2619 1733 2664 planum
1744 2627 1931 2663 tympanum
1942 2629 2017 2651 uer-

287 2669 347 2705 set.
358 2671 395 2702 ln
405 2671 504 2715 plano
514 2680 620 2703 autem
631 2680 785 2714 tympano
797 2665 953 2702 foramina
965 2665 1042 2700 fiant
1054 2690 1062 2705 ‚
1075 2667 1107 2699 in
1117 2666 1232 2713 quibus
1243 2666 1453 2701 foraminibus
1472 2667 1719 2701 collocabuntur
1737 2666 1848 2699 calculi
1870 2665 2016 2703 rotundi,

288 2719 321 2753 in
333 2717 425 2752 theca
434 2718 500 2751 eius
512 2719 664 2764 tympani,
677 2717 761 2760 (siue
770 2716 1023 2750 loculamentum
1034 2714 1077 2748 est
1086 2719 1098 2754 >
1108 2728 1207 2749 unum
1217 2713 1365 2750 foramen
1375 2727 1543 2750 excauetur
1553 2742 1563 2755 ‚
1573 2715 1692 2749 habens
1713 2713 1923 2748 canaliculum
1935 2736 1945 2751 ,
1955 2718 2018 2761 'qua

288 2766 425 2800 calculus
444 2765 593 2800 liberatus
601 2765 641 2799 ab
651 2764 809 2799 obstantia
821 2790 830 2806 ‚
841 2776 915 2798 cum
928 2763 1077 2798 ceciderit
1086 2764 1118 2797 in
1129 2776 1182 2797 uas
1191 2776 1306 2798 :ereum
1317 2764 1454 2798 sonitum
1470 2764 1639 2811 significet.
1650 2768 1698 2797 Ita
1708 2763 1797 2797 nauis
1815 2775 1889 2796 cum
1899 2762 2018 2796 habue-

289 2815 331 2848 rit
341 2815 511 2860 impetum‚
525 2826 578 2850 aut
588 2826 764 2851 remorum,
775 2825 829 2847 aut
841 2824 1011 2846 uentorum
1024 2811 1112 2851 flatu,
1121 2812 1311 2859 pinnae‚quae
1321 2824 1413 2846 erunt
1425 2815 1457 2847 in
1467 2814 1545 2847 rotis
1555 2823 1721 2860 tangentes
1730 2823 1845 2858 aquam
1856 2809 2018 2857 aduersa'm

289 2863 470 2897 uehementi
482 2862 633 2897 retrorsus
643 2860 778 2909 impulsu
789 2862 919 2900 emetat,
930 2857 1098 2894 uersabunt
1109 2873 1206 2896 rotas.
1218 2863 1270 2895 Eae
1279 2872 1384 2895 autem
1397 2860 1596 2895 inuoluendo
1606 2861 1744 2907 se,agent
1754 2872 1856 2899 axem,
1865 2860 1929 2894 axis
1940 2859 2018 2893 uero

291 2922 493 2959 tympanum,
506 2912 595 2946 cuius
606 2913 682 2946 dens
694 2910 915 2950 circumactus,
925 2909 1053 2956 singulis
1065 2907 1297 2950 uersationibus
1314 2909 1457 2957 singulos
1475 2908 1601 2944 secundi
1619 2910 1761 2957 tympani
1778 2909 1889 2943 dentes
1903 2909 2019 2954 impel-

285 2959 403 2999 lende,
416 2959 559 2994 modicas
570 2958 670 2994 efficit
680 2959 886 2993 circuitiones
897 2984 906 2993 .
917 2960 959 2993 ita
970 2970 1043 2992 cum
1062 2960 1293 3004 quatercenties
1302 2958 1341 2992 ab
1350 2959 1456 3005 pinnis
1465 2969 1543 2993 rotae
1552 2957 1668 2993 fuerint
1680 2956 1816 2995 uersatae‚
1827 2954 1921 2991 semel
1931 2967 2018 3004 tym-

288 3020 408 3056 panum
419 3009 549 3055 planum
567 3009 784 3055 circumagent
795 3006 931 3054 impulsu
941 3007 1057 3046 dentis,
1069 3008 1123 3054 qui
1132 3007 1170 3041 ad
1183 3009 1264 3042 latus
1276 3007 1321 3041 cst
1337 3006 1418 3041 fixus
1428 3008 1572 3054 tympani
1581 3008 1613 3041 in
1625 3006 1745 3041 cultro.
1757 3007 1859 3053 Igitur
1868 3005 2018 3040 circuitio

292 3057 436 3105 tympani
447 3057 544 3104 plani,
559 3045 814 3105 quotiescunque
823 3057 862 3092 ad
881 3054 1027 3091 foramen
1036 3056 1189 3103 perducet
1207 3058 1359 3095 calculos,
1369 3056 1492 3091 emittet
1503 3069 1559 3105 per
1567 3056 1785 3093 canaliculum.
1795 3055 1881 3089 ita&
1899 3053 2016 3092 sonitu,

571 3119 573 3121 ·
606 3115 611 3121 ³
1908 3106 1940 3137 &
1957 3114 2018 3136 nu·

2059 600 2105 631 to

2057 1098 2102 1124 20

2057 1591 2102 1624 30

2049 2083 2099 2118 40

2048 2572 2093 2609 50

2036 3053 2092 3090 ’6ο
