2241 3318
0 2349 1 2374 l

0 2377 2 2396 r

761 160 1249 193 DECIMrs.
1829 170 1893 208 3-43

147 236 228 271 ¹tier,
240 239 281 272 Ψ
297 244 355 268 non
369 234 545 281 propellitur
555 257 564 267 .
575 231 668 266 huius
677 233 720 265 rei
745 231 900 276 descriptio
917 230 1036 273 inferius
1050 232 1109 264 erit
1127 232 1297 275 manifesta.

208 284 310 328 Igitur
320 281 341 316 fi
353 284 423 329 plus
435 283 555 328 lingula
576 281 678 315 uectis
699 277 789 326 supra
802 279 1071 325 hypomochlium
1083 280 1184 323 posita
1195 279 1250 314 sub
1263 291 1346 313 onus
1357 278 1501 321 subierit,
1511 285 1543 317 &
1554 293 1647 327 caput
1665 283 1731 317 eius
1743 282 1894 330 proprius

146 341 302 365 ¹centrum
315 330 489 378 pressiones
499 329 727 369 habuerit‚non
737 330 856 374 poterit
868 340 952 362 onus
962 329 1096 365 eleuare,
1108 328 1163 361 nisi
1174 334 1186 372 (
1197 327 1474 375 quemadmodum
1484 329 1573 378 supra
1583 330 1734 378 scriptum
1745 330 1898 372 est,)exa-,

147 379 292 412 minatio
304 380 405 413 ueffis
415 379 544 424 longius
556 389 611 424 per
621 388 838 423 caput‚neque
850 378 934 410 iuxta
952 388 1032 409 onus
1043 373 1139 409 fuerit
1157 375 1251 410 fasta.

204 433 239 462 In
249 428 332 462 uee't'e
340 437 433 475 caput
444 427 482 468 esi
492 430 510 472 (
520 436 555 461 ut
563 427 628 461 dixi
626 426 726 472 )quod
734 425 872 459 calcatur
880 422 1067 465 manibusaest
1077 430 1118 463 ξφ
1125 423 1248 470 lingula,
1247 425 1362 468 scilicet
1369 425 1498 461 alterum
1508 437 1615 474 caput,
1626 430 1705 475 quod
1714 430 1795 463 oneri
1794 427 1896 474 subis-*-

145 477 234 521 -citur
243 501 252 509 .
265 483 296 511 V
297 477 370 511 eliis
377 479 406 509 in
415 478 488 510 duos
493 477 626 522 partitur
637 475 746 511 radios,
750 474 802 516 seu
812 473 932 520 scapos,
942 472 1022 506 alter
1031 471 1069 512 eli
1077 471 1116 506 ab
1126 472 1333 520 hypomochlio
1343 475 1382 507 ad
1390 475 1573 521 caput‚alter
1582 476 1620 510 ab
1631 476 1837 523 liypomochlio
1848 479 1888 511 ad

149 523 312 569 lingulam.
339 527 370 559 si
377 526 469 569 igitur
479 523 518 558 ab
528 521 734 570 hypomochlio
753 524 793 556 ad
806 521 949 568 lingulam
951 521 1059 567 scapus
1077 523 1133 555 erit
1139 524 1234 555 maior
1248 543 1258 558 ‚
1266 533 1356 568 quam
1374 521 1414 557 ab
1433 523 1639 571 hypomochlio
1657 527 1696 559 ad
1712 535 1803 572 caput
1811 548 1820 562 ‚
1832 537 1890 559 non

147 571 321 616 fhbleuabit
339 583 429 606 onws:
438 574 516 606 ratio
530 570 567 613 est
577 593 588 608 ,
599 572 740 618 quoniam
747 570 860 618 scapua·
867 571 963 604 maior
978 569 1087 604 lineam
1095 571 1238 604 maiorem
1247 570 1377 614 referens
1385 593 1395 609 ,
1401 565 1477 620 plus
1487 585 1507 606 a
1521 571 1725 614 centro'dislat,
1734 580 1775 612 &⁸
1785 576 1888 607 maio-

71 629 127 661 do
155 622 288 655 remuim
308 623 414 656 minori
415 621 505 667 scapo
517 619 630 666 obijcit.

150 696 155 699 »
208 670 251 703 In
279 680 386 703 autern
397 681 433 703 ex
443 669 582 706 trutinis,
593 680 662 715 quae
675 667 792 701 staterae
804 667 965 706 dicuntur,
975 667 1049 701 licet
1066 666 1264 702 considerare
1274 692 1283 707 ‚
1293 680 1367 703 cum
1378 668 1463 702 enim
1483 666 1554 703 ansa
1564 669 1695 714 propius
1705 680 1813 715 caput,
1831 682 1891 703 un·

156 717 197 752 de
209 718 331 752 lancula
340 718 473 764 pendet,
485 716 537 751 ubi
551 728 585 751 ut
595 728 740 751 centrum
750 716 795 750 est
806 716 978 755 collocata,
992 719 1023 750 δι
1035 716 1279 762 aequipondium
1291 719 1324 751 in
1334 718 1464 750 alteram
1477 716 1693 763 partem,scapi
1705 730 1758 763 per
1771 718 1890 762 punsta

157 766 317 813 uagandm
329 779 395 814 quo
406 766 602 814 longius,aut
616 767 708 799 etiam
728 764 767 800 ad
776 776 958 799 extremum
969 764 1154 812 perducitur
1173 766 1269 811 paulo
1288 765 1385 800 etiarn
1405 766 1471 812 pari
1494 767 1636 810 pondere
1647 765 1893 811 ,amplissimam

150 813 353 862 ⁴>pressionem
374 827 481 862 parem
494 813 621 860 perficit
640 837 649 850 ‚
659 826 714 860 per
731 812 812 860 scapi
822 813 1040 851 librationem,
1051 818 1082 847 δέ
1094 815 1361 848 examinationem
1371 814 1500 860 longius
1518 827 1534 847 a
1544 826 1657 849 centro
1675 815 1891 852 recedentem,

152 865 202 897 ‘ita
217 863 411 897 imbecillior
420 863 618 911 aequipondij
629 863 780 900 breuitas,
790 863 947 896 maiorem
960 862 1024 896 uim
1043 863 1195 909 ponderis
1213 874 1385 897 momento
1404 861 1566 897 deducens
1574 886 1584 902 ,
1597 864 1660 898 line
1679 864 1893 902 uehementia,

157 910 347 946 molliterab
357 913 427 945 imo
437 909 555 946 sursum
568 909 691 945 uersum
711 912 819 957 egredi
830 912 934 956 cogit.
1893 950 1896 953 ,

206 967 273 994 Hoc
279 962 370 994 etiam
378 973 418 995 ex
425 963 472 1007 ijs,
480 961 634 1009 quaefitpra
643 960 795 1004 diflafimt
805 960 978 1005 intelligitur
986 982 996 998 ‚
1010 971 1077 994 cum
1085 961 1121 995 de
1129 960 1245 995 statera
1253 984 1263 999 ,
1269 960 1322 1005 seu
1331 962 1446 995 trutina
1456 983 1466 998 ,
1475 962 1546 1008 quid
1546 960 1589 1005 sit
1596 982 1606 998 ,
1615 961 1722 1009 quasq5
1726 970 1830 1009 partes
1837 961 1894 996 ha-

156 1008 238 1046 beat,
249 1014 290 1048 ξφ
299 1011 371 1056 quid
375 1008 499 1058 pallet,
509 1008 706 1058 loquebamur
715 1035 724 1044 .
749 1007 932 1051 Aristoteles
941 1010 970 1042 in
979 1008 1119 1054 uigefima
1133 1009 1282 1057 quaesiione
1290 1033 1300 1048 ‚
1310 1012 1479 1057 quarit,cur
1488 1013 1602 1043 trutina
1609 1020 1705 1056 paruo
1713 1011 1895 1057 aequipoiidio

151 1060 337 1106 peringentia
349 1070 439 1093 onera
446 1057 560 1094 librant
568 1080 579 1096 ,
591 1070 762 1106 quanquam
771 1056 962 1099 omnibussua
971 1057 1098 1104 ipfizrum
1100 1059 1202 1102 forma
1204 1057 1246 1102 fit
1253 1060 1293 1093 ad
1299 1059 1397 1093 inflar
1404 1057 1485 1092 libra
1492 1059 1647 1092 dimidiata
1655 1059 1671 1092 ξ
1673 1058 1819 1106 siquidem
1829 1062 1892 1105 qua*

76 1120 129 1155 ἑο
152 1116 244 1154 parte
249 1107 365 1154 pondus
372 1106 542 1155 applicatur
544 1105 611 1150 sola
618 1108 770 1142 duntaxat
781 1105 901 1140 lancula
910 1107 1052 1153 dependet
1065 1129 1075 1145 ,
1084 1106 1276 1155 altrinsecust}
1280 1124 1291 1148 ,-
1302 1116 1419 1141 tantum
1429 1108 1523 1140 nudus
1531 1109 1678 1154 prominet
1689 1107 1797 1155 scapus
1807 1106 1893 1149 ‚eflu-

78 1612 126 1651 30

80 2107 129 2146 6⁰

84 2614 127 2649 §0

77 3109 127 3141 60

156 1157 203 1190 uit
214 1165 317 1190 autem
318 1154 376 1198 fic.
386 1158 523 1203 quoniam
531 1155 582 1199 ufic
597 1158 679 1191 uenit
689 1154 805 1198 statera
821 1164 854 1188 ut
873 1153 952 1188 libra
967 1154 1009 1198 fit
1015 1158 1132 1202 pariter
1140 1178 1149 1192 ,
1162 1162 1202 1195 (9-
1219 1157 1313 1190 ιιεᾶίς
1323 1154 1402 1190 libra
1417 1164 1497 1189 certe
1505 1165 1651 1202 quatenus
1664 1155 1781 1201 singula
1799 1155 1894 1191 libra-

152 1213 257 1238 menta
266 1203 342 1244 fiunt
343 1203 464 1251 singula
476 1213 579 1241 centra
590 1229 601 1239 .
626 1211 732 1251 Itaque
739 1212 827 1252 parte
835 1202 931 1237 altera
941 1203 1056 1238 lancem
1065 1203 1157 1238 habet
1168 1204 1284 1242 ,altera
1300 1216 1370 1238 uero
1387 1203 1481 1238 lancis
1489 1203 1554 1238 loco
1563 1203 1656 1251 pilam
1668 1204 1821 1248 eiusmodi,
1831 1214 1894 1252 quat

149 1251 228 1296 fiilet
237 1251 319 1286 libra
325 1254 356 1287 id
357 1265 452 1298 genus
459 1255 571 1301 aptari,
585 1265 637 1287 nec
644 1253 734 1287 aliter
744 1275 754 1291 ,
766 1251 888 1301 qudms
909 1255 953 1286 uis
961 1251 1089 1286 alterum
1098 1265 1217 1300 quoque
1233 1255 1356 1299 adijciat
1365 1251 1537 1296 semilibrile
1546 1276 1556 1291 ,
1567 1252 1744 1301 trutinamq;
1752 1256 1780 1287 in
1789 1265 1822 1287 eo
1831 1264 1896 1296 exf-

154 1310 250 1335 tremo
257 1303 488 1348 praependmtem
495 1302 628 1347 affingat.
638 1302 710 1335 nulli
720 1313 836 1349 nanque
845 1302 885 1334 du
908 1303 968 1334 ium
978 1300 1100 1348 eli‚quin
1109 1313 1181 1335 onus
1191 1304 1221 1335 in
1228 1302 1326 1336 altera
1335 1301 1470 1336 liberalis
1475 1311 1562 1348 parte
1567 1301 1694 1348 positum
1702 1301 1806 1336 trahat
1815 1301 1894 1335 hanc

148 1348 318 1394 sublimem,
330 1360 468 1385 caterum
475 1363 534 1398 quo
541 1349 620 1384 libra
630 1362 689 1384 una
701 1349 754 1394 effe
760 1349 846 1397 poffit
855 1351 974 1396 perinde
990 1363 1028 1384 ac
1041 1349 1160 1397 plures:
1172 1349 1352 1385 libramenta
1360 1373 1370 1388 ,
1381 1350 1599 1398 aequanientaq;
1617 1352 1719 1384 addita
1728 1350 1797 1393 fiint
1805 1350 1895 1384 buiu-

151 1397 281 1441 Jcemodi
288 1396 370 1432 libra
379 1398 543 1446 complura,
552 1399 588 1433 de
595 1398 851 1447 quorumfingulis
858 1420 868 1435 ,
881 1399 960 1444 quod
969 1400 1140 1446 aequipondu'
1144 1398 1268 1445 globum
1277 1399 1379 1442 uersus
1398 1401 1516 1436 eminet,
1525 1399 1619 1433 ueluti
1621 1397 1736 1441 staterae
1745 1400 1896 1433 dimidium

157 1445 207 1489 est,
219 1446 403 1495 dimidiumq',·
414 1450 527 1482 trutina
535 1448 696 1494 dependens
704 1471 715 1487 ,
727 1450 868 1496 quoniam
875 1459 937 1493 quae
943 1456 1046 1494 partes
1054 1449 1194 1495 utrinque
1203 1450 1371 1495 prominent
1380 1446 1419 1482 ab
1429 1446 1517 1491 anfis,
1529 1453 1569 1487 ά*
1578 1449 1683 1493 aginis,
1693 1445 1892 1495 aequabiliter,

154 1508 193 1529 ac
202 1494 261 1530 und
265 1495 300 1538 se
300 1494 334 1538 fi·
348 1497 472 1530 inuicem
480 1505 599 1531 mouent
609 1522 618 1530 .
645 1503 694 1532 lta
704 1506 739 1531 ut
747 1508 783 1531 ne
786 1497 887 1543 fugiat
897 1495 1075 1542 commensus
1082 1499 1226 1530 rationem
1237 1518 1247 1534 ‚
1256 1498 1336 1544 quod
1340 1497 1438 1544 pondo
1442 1495 1504 1539 sint
1513 1518 1523 1534 ,
1533 1508 1595 1543 quae
1603 1499 1631 1529 in
1647 1495 1768 1530 lancula
1774 1497 1894 1542 ponde-

155 1553 274 1581 rantur,
283 1544 422 1588 quosane*
427 1544 512 1592 possit
520 1547 555 1580 de
565 1546 703 1593 cuiusque
713 1544 884 1580 libramenti
892 1545 1040 1592 qualitate
1048 1557 1084 1579 ac
1093 1547 1193 1580 ordine
1201 1545 1461 1592 cognosci‚quoties
1471 1546 1652 1588 rebiafuerit
1660 1545 1787 1582 statera,
1798 1555 1893 1592 quan-

152 1601 219 1627 tum
230 1594 326 1626 oneris
329 1591 409 1636 sicut
422 1595 560 1632 diximus,
570 1593 645 1629 lanx
653 1593 766 1629 habeat
780 1619 790 1633 ‚
801 1603 892 1639 atque
893 1593 1033 1637 sustentet
1043 1618 1052 1627 .
1088 1596 1136 1628 Sic
1153 1596 1228 1628 enim
1241 1597 1260 1640 (
1268 1603 1303 1628 ut
1311 1595 1389 1628 dixit
1398 1599 1427 1629 V
1428 1595 1554 1627 itruuius
1561 1594 1581 1636 )
1591 1592 1630 1628 ab
1647 1595 1802 1640 iniquitate
1810 1594 1896 1626 iustis

154 1639 289 1675 moribus
296 1643 361 1675 uita
369 1643 539 1677 uindicatur
549 1667 559 1676 .
584 1644 718 1691 Denique
726 1651 761 1677 ut
770 1643 918 1687 conferam
927 1645 955 1677 in
962 1652 1072 1689 pauca,
1083 1642 1142 1677 haec
1150 1641 1228 1677 libra
1239 1641 1353 1690 effiquae
1361 1643 1477 1689 quidem
1486 1641 1579 1677 habet
1587 1642 1714 1677 alteram
1724 1654 1740 1675 e
1748 1641 1895 1678 lancibus,

154 1692 185 1724 in
194 1701 255 1735 qua
263 1701 295 1722 re
304 1700 377 1723 uera
382 1691 499 1737 pondus
509 1689 651 1729 libratur,
662 1691 789 1726 alteram
800 1703 870 1725 uero
880 1693 1028 1738 quandam
1037 1692 1066 1724 in
1070 1690 1161 1738 Jbapo
1172 1693 1317 1725 uicarium
1326 1692 1405 1725 illius
1412 1713 1422 1728 ,
1435 1694 1482 1726 cui
1487 1691 1566 1734 fiilet
1577 1692 1787 1737 aequipondium
1803 1691 1895 1735 inijci.

154 1740 263 1772 iccirco
266 1737 384 1780 statera*
395 1748 487 1787 caput
497 1739 554 1774 hoc
562 1739 600 1783 est
613 1740 674 1787 ipfiz
683 1739 820 1787 phalanx
834 1739 988 1783 altrisecus
1006 1741 1062 1773 erit
1070 1741 1100 1773 in
1105 1739 1199 1786 pilam
1209 1764 1218 1773 .
1246 1742 1396 1785 Qoniam
1405 1750 1507 1774 autem
1526 1739 1688 1783 huiusmodi
1690 1739 1822 1783 formam
1832 1737 1896 1772 oba

154 1789 230 1821 tinet
238 1809 248 1824 ‚
259 1787 355 1821 infiar
364 1786 402 1828 esi
410 1788 572 1823 multarum
578 1787 724 1823 librarum
735 1810 744 1825 ,
756 1787 835 1836 totq‚-
842 1797 916 1835 quot
926 1785 1018 1822 habet
1027 1790 1166 1822 examina
1178 1813 1187 1823 .
1216 1795 1356 1824 Caeterum
1372 1800 1497 1823 examen
1505 1790 1574 1825 illud
1591 1790 1687 1822 maius
1696 1788 1811 1835 semper
1821 1799 1895 1821 onus

154 1837 263 1877 educit,
275 1837 354 1882 quod
361 1835 440 1870 lanci
445 1839 569 1884 propius
577 1836 627 1880 est,
634 1835 790 1886 ponderiq3
801 1835 949 1875 librando,
956 1845 1114 1884 propterea
1126 1839 1204 1884 quod
1212 1847 1278 1872 tota
1286 1839 1401 1872 statera
1406 1837 1446 1879 fit
1456 1837 1540 1885 quafi
1549 1838 1640 1872 uenis
1648 1836 1841 1885 resupinatus,
1853 1839 1893 1869 nii

154 1885 191 1918 de
199 1882 387 1919 libramentis
395 1887 598 1934 unumquodq5
609 1885 728 1933 desuper
738 1888 900 1923 imminens,
912 1888 976 1920 uice
977 1886 1116 1931 fungitur
1122 1886 1274 1932 preffionis
1284 1901 1295 1920 .·
1301 1887 1416 1933 pondus
1424 1898 1494 1921 uero
1504 1909 1513 1924 ‚
1543 1891 1601 1920 uod
1609 1885 1676 1927 inest
1693 1885 1815 1920 lancula
1823 1894 1892 1919 tru-

154 1934 308 1967 tinandum
319 1958 327 1967 .
354 1934 411 1968 Sed
419 1943 530 1980 quanto
541 1934 657 1980 longior
665 1934 702 1976 esi
710 1947 745 1969 ea
753 1945 825 1981 pai-s
833 1935 936 1971 uellis,
947 1945 1010 1981 quae
1017 1937 1060 1968 cis
1061 1933 1217 1978 fulcbrum
1228 1936 1410 1973 extenditur,
1419 1944 1504 1970 tanto
1511 1899 1631 1978 filicibus
1642 1957 1652 1972 ,
1663 1941 1703 1974 <19-
1714 1936 1772 1969 illic
1782 1942 1903 1973 mouet.⁴

155 1986 197 2021 &⁴
204 1981 253 2016 hic
261 1982 307 2028 effi
312 1984 352 2016 cit
360 1981 564 2028 aequilibritim,
574 1983 758 2031 examinatq5
767 1985 796 2017 id
803 1985 908 2020 oneris,
919 1984 996 2030 quod
1002 1983 1067 2029 pila
1077 1981 1227 2029 obijcitur,
1236 1983 1302 2018 loco
1312 1985 1389 2018 certi
1395 1986 1531 2030 ponderis
1549 1986 1578 2017 in
1582 1982 1696 2025 statera
1705 1984 1850 2017 collocata
1861 2007 1871 2015 .

155 2032 258 2065 centri
264 2039 365 2065 autem
373 2033 552 2066 mutationes
558 2031 660 2079 plures
667 2031 859 2074 uellesfiunt.
885 2037 923 2068 ,Α
925 2041 937 2066 t
946 2043 1003 2065 non
1012 2031 1110 2078 plures
1120 2030 1235 2067 duabus
1244 2034 1365 2066 trutinis
1376 2032 1497 2075 stateris
1505 2033 1632 2080 appendi
1634 2031 1731 2075 solent
1741 2054 1751 2069 ,
1761 2029 1828 2072 idest
1837 2041 1896 2064 non

155 2088 291 2113 mutatur
302 2088 436 2114 centrum
444 2080 496 2124 nifi
503 2082 531 2114 in
544 2079 657 2114 duobus
666 2080 750 2118 locis,
764 2081 863 2128 cumq,·
875 2093 909 2115 ea
917 2083 1031 2115 trutina
1042 2083 1172 2119 utimur,
1183 2093 1245 2128 qua
1263 2079 1300 2123 esi
1308 2080 1387 2115 lanei
1393 2084 1532 2128 proxima
1542 2104 1551 2118 ,
1561 2082 1682 2115 dicimus
1697 2091 1821 2115 examen
1827 2079 1898 2121 fieri

159 2127 288 2171 craffiori
297 2129 397 2166 modo,
407 2129 650 2176 quoniamfigna,
662 2136 702 2169 (9-
710 2130 833 2177 puncia,
846 2142 908 2177 qua
910 2128 979 2172 sunt
988 2132 1017 2163 in
1019 2129 1109 2177 scapo
1118 2154 1128 2169 ‚
1140 2136 1180 2169 (5
1190 2130 1403 2173 decuffationes
1410 2129 1606 2176 amplioribus
1609 2129 1688 2171 fiunt
1696 2129 1872 2163 interuallis.

157 2177 213 2210 Sed
223 2179 341 2224 quando
351 2180 503 2212 remotiori
513 2187 617 2213 centro
627 2180 739 2212 utimur
747 2200 757 2216 ‚
770 2180 892 2213 dicimus
900 2190 1025 2212 examen
1029 2176 1098 2220 fieri
1099 2177 1250 2221 subtiliori
1265 2180 1381 2212 ratione
1393 2200 1402 2215 ‚
1411 2177 1594 2225 puntiastmt
1609 2179 1751 2212 uiciniora
1760 2179 1788 2211 in
1790 2177 1895 2223 scapo,

156 2226 277 2259 Dicitur
284 2235 383 2260 autem
392 2227 519 2264 statera,
531 2229 669 2273 quoniam
679 2226 744 2261 loco
753 2226 877 2262 alterius
885 2226 979 2260 lancis
987 2227 1050 2261 stat
1057 2229 1269 2275 aequipondium
1279 2249 1289 2265 ,
1298 2227 1537 2273 quodsphaeroma
1545 2228 1654 2261 dicitur
1660 2225 1700 2260 ab
1707 2224 1895 2262 Aristotele.

157 2298 164 2301 -
207 2279 281 2318 QE
289 2285 313 2306 M
322 2286 341 2306 Α
350 2285 430 2310 nmo
438 2287 460 2308 ι)
472 2287 523 2309 νΜ
552 2277 647 2309 etiam
658 2276 746 2309 nauis
757 2276 908 2310 onerariae
920 2276 1063 2310 maximae
1074 2276 1273 2322 gubernator
1284 2273 1386 2309 ansam
1399 2275 1605 2321 gubernaculi
1615 2287 1725 2309 tenens
1736 2274 1826 2321 quod
1836 2274 1897 2308 ὅκα-Ξ

155 2334 174 2355 a
184 2322 308 2356 Graecis
325 2324 500 2369 appellatur
510 2349 521 2364 ,
531 2337 593 2358 una
603 2336 698 2358 manu
708 2335 879 2358 momento
891 2336 945 2370 per
963 2326 1063 2358 centri
1076 2326 1230 2358 rationem
1242 2322 1456 2371 pressionibus
1465 2325 1541 2358 artis
1559 2325 1681 2371 agitans
1692 2346 1703 2362 ‚
1713 2323 1814 2358 uersat
1822 2336 1894 2358 eam

154 2367 357 2416 amplissimis
369 2394 377 2409 ,
389 2372 625 2407 &immanibus
638 2373 765 2411 mercis,
775 2377 806 2407 δι
815 2385 914 2419 penus
924 2372 1121 2419 ponderibus
1134 2384 1310 2407 oneratam.

159 2450 163 2453 .
205 2421 319 2464 Qaerit
326 2418 507 2460 ‚Aristoteles
515 2420 666 2469 quastione
675 2423 779 2469 quinta
790 2446 799 2456 .
826 2427 884 2456 Cur
888 2420 1127 2467 gubernaculum
1136 2428 1177 2460 &⁴
1187 2420 1215 2465 fi
1220 2431 1349 2469 paruum
1358 2420 1396 2463 est
1405 2445 1415 2461 ,
1425 2431 1517 2470 atque
1525 2424 1553 2456 in
1560 2420 1701 2468 postremo
1711 2423 1828 2467 nauigio
1838 2430 1894 2468 po-

149 2467 242 2514 fitum
253 2467 351 2502 tantis
361 2467 482 2503 uiribus·
487 2470 580 2516 pollet
590 2492 601 2508 ,
610 2479 644 2504 ut
649 2469 753 2518 pusillo
763 2471 799 2504 de
807 2469 893 2504 clauo
904 2492 914 2508 ‚
923 2483 960 2504 ac
969 2472 1053 2504 unius
1070 2479 1186 2505 tantum
1202 2471 1331 2505 hominis
1340 2470 1400 2514 nifit
1409 2493 1419 2509 ‚
1429 2469 1693 2518 eoq;senfimfht30
1702 2493 1712 2507 ‚
1720 2479 1896 2504 moueantur

156 2518 341 2563 nauigiorum
350 2517 491 2561 immenfiae
504 2517 594 2553 moles
604 2518 724 2562 effluit.
751 2520 898 2564 Qoniam
908 2527 986 2553 temo
995 2520 1042 2554 ille
1049 2518 1144 2553 uet'iis
1154 2517 1191 2561 eft
1199 2541 1209 2557 ,
1218 2519 1335 2567 mareq';
1340 2521 1460 2567 pondus
1469 2542 1480 2557 ‚
1490 2532 1527 2553 ac
1535 2520 1678 2564 magister
1692 2520 1743 2565 qui
1750 2528 1850 2553 mouet
1859 2543 1869 2552 .
1892 2539 1898 2545 „

156 2572 298 2602 Caeterum
300 2564 543 2611 gubernaculum
554 2578 612 2601 non
619 2568 753 2614 perinde,
762 2580 799 2602 ac
809 2578 910 2601 remus
922 2589 931 2604 ,
943 2579 1002 2614 qua
1010 2569 1041 2602 in
1052 2568 1208 2603 latitudine
1213 2577 1299 2615 patet
1306 2579 1390 2601 mare
1396 2567 1590 2615 apprehendit
1597 2589 1607 2604 ‚
1615 2579 1710 2614 neque
1719 2569 1795 2600 enim
1802 2569 1898 2601 naui-

151 2617 237 2661 gium
242 2614 376 2662 prorsum
387 2616 521 2662 impellit,
531 2626 634 2649 uerum
644 2614 821 2663 apprehenfi)
829 2617 904 2650 mari
915 2615 1012 2661 efficit,
1022 2625 1056 2650 ut
1063 2618 1204 2650 mouendo
1212 2619 1241 2650 in
1250 2616 1330 2650 latus
1338 2615 1464 2650 declinet
1474 2638 1484 2654 ,
1493 2625 1643 2663 quatenus
1651 2617 1727 2649 enim
1734 2627 1817 2649 mare
1820 2625 1898 2662 pon·

156 2665 216 2698 duo·
235 2663 273 2705 esi
282 2675 297 2697 e
306 2664 417 2707 diuerso
429 2663 573 2699 obnixum
582 2666 730 2709 nauigium
740 2666 898 2711 detorquet
907 2678 917 2698 .·
928 2675 996 2698 nam
1006 2671 1046 2705 Θ
1056 2665 1149 2699 uestis
1150 2664 1284 2708 fulcrum
1299 2667 1329 2698 in
1337 2667 1518 2699 contrarium
1532 2666 1661 2698 uertitur
1670 2686 1679 2700 ‚
1687 2675 1770 2697 mare
1779 2665 1897 2711 quidem

156 2711 327 2755 introrsum,
340 2722 558 2748 armamentum
567 2725 638 2747 uero
649 2714 775 2748 temonis
786 2711 1000 2755 extrorsumtat
1011 2714 1041 2747 id
1049 2724 1169 2761 quoque
1178 2715 1327 2758 nauigium
1331 2712 1464 2759 sequitur
1474 2735 1484 2751 ,
1494 2725 1527 2747 eo
1535 2714 1614 2759 quod
1615 2712 1658 2756 fit
1667 2711 1719 2759 ipsi
1727 2713 1899 2756 alligatum-1

153 2766 270 2805 Remus
279 2762 381 2805 igitur,
394 2763 445 2809 qui
451 2771 506 2808 per
518 2762 706 2796 latitudinem
718 2763 839 2807 aequoris
842 2762 958 2808 pondus
966 2763 1084 2809 oppellit
1094 2784 1104 2799 ‚
1113 2774 1150 2795 ac
1157 2762 1227 2796 item
1233 2760 1273 2795 ab
1282 2773 1316 2795 eo
1325 2762 1474 2808 repellitur
1482 2784 1492 2799 ,
1499 2770 1654 2808 promouet
1661 2763 1690 2794 in
1699 2762 1812 2794 retium
1821 2783 1831 2797 ,
1835 2772 1896 2806 gu-

154 2807 351 2844 bernaculum
363 2819 467 2844 autem
475 2821 532 2857 pro
543 2819 577 2844 ut
590 2809 773 2854 demiffitium
782 2811 837 2847 efl,
848 2815 888 2848 φ
898 2808 1018 2857 ohlique
1020 2810 1115 2853 sedet,
1128 2808 1279 2857 obliquum
1289 2809 1348 2844 huc
1365 2810 1433 2844 illuc
1441 2810 1528 2856 efficit
1543 2819 1655 2843 motum
1664 2834 1673 2842 .
1701 2810 1855 2843 Enimuero
1863 2811 1896 2843 in

159 2866 294 2892 extremo
306 2870 363 2891 non
376 2860 404 2892 in
414 2860 507 2893 medio
513 2859 642 2906 pofitum
649 2857 855 2906 est,propterea
865 2859 942 2904 quod
949 2858 1122 2900 facillimum
1123 2857 1166 2901 fit
1174 2859 1490 2896 mouenti‚mouendum
1498 2857 1611 2905 aliquid
1617 2860 1646 2892 in
1651 2856 1826 2904 postremum
1831 2869 1897 2891 mo-

157 2918 241 2940 uere.
267 2907 373 2941 'Prima
380 2918 494 2954 nanque
500 2918 583 2954 pars,
591 2906 684 2956 qudm
692 2908 818 2951 ocissime
822 2907 922 2950 fertur
931 2928 941 2943 ,
951 2918 1009 2954 quo
1017 2910 1097 2941 circa
1103 2906 1184 2951 ficut
1198 2909 1227 2940 in
1237 2908 1346 2953 ijs‚quae
1356 2908 1387 2940 ui
1398 2907 1540 2950 feruntur
1547 2928 1557 2943 ‚
1567 2916 1665 2940 motus
1673 2908 1702 2940 in
1705 2905 1766 2948 fine
1774 2905 1872 2947 deficit
1881 2927 1893 2943 ,

152 2956 197 2989 ita
207 2961 248 2994 (φ
279 2955 449 3002 cuiuscunq;
461 2958 602 2994 continui,
616 2955 738 3004 planeq5
744 2956 883 3003 perpetui
895 2957 1029 3001 corporis
1036 2964 1134 2989 motus
1143 2957 1172 2990 in
1187 2964 1322 2989 extrema
1326 2964 1415 3001 parte
1422 2954 1610 2999 debilfiimus
1619 2957 1663 2990 est
1673 2954 1739 2997 :fied
1761 2953 1895 2988 imbecil-

154 3002 286 3047 lissimus
295 3003 415 3051 quisque
434 3013 536 3038 motus
545 3003 760 3049 locofhcillime
768 3004 871 3050 depelli
875 3003 1058 3050 potest,ergo
1066 3003 1115 3038 uel
1120 3002 1158 3038 ob
1169 3004 1246 3038 hanc
1254 3003 1372 3046 causam
1377 3006 1470 3051 puppi
1470 3003 1707 3050 gubernaculum
1716 3004 1816 3050 aptari
1823 3013 1899 3036 con--

144 3051 246 3096 fiteuit
255 3077 264 3087 .
294 3054 354 3088 ,Ad
362 3052 421 3086 hec
431 3066 441 3087 .-
452 3052 501 3086 uel
510 3054 629 3087 minima
638 3054 697 3088 illic
706 3052 788 3093 fifla
798 3053 926 3086 motione
936 3050 1023 3097 longe
1031 3053 1261 3099 maius-spatium
1271 3074 1281 3090 ,
1290 3058 1332 3091 (ψ’
1341 3055 1370 3086 in
1379 3062 1513 3087 extremo
1520 3054 1707 3099 intercipitur
1715 3074 1725 3089 ,
1734 3060 1895 3098 propterea

153 3102 234 3149 quod
237 3111 297 3150 par
307 3100 440 3147 angulusv
445 3101 540 3137 multo
549 3104 655 3150 maiori
662 3102 742 3138 linea
749 3101 880 3138 direl't‘ua
889 3103 1072 3140 occurrit2ac
1079 3103 1147 3136 tiito
1152 3103 1256 3148 magis,
1267 3109 1380 3150 quanto
1386 3103 1514 3136 maiores
1516 3101 1587 3146 sunt
1593 3100 1746 3148 lineaque
1753 3099 1898 3183 arlzgulum

156 3168 172 3184 t.
185 3177 189 3181 Α
207 3181 211 3184 .
417 3148 423 3152 ”
1724 3160 1777 3184 occ
1790 3150 1896 3184 udunt.
