2241 3318
287 86 303 135 ζ
315 80 356 134 ςᾱ
985 73 1010 116 i!
1057 75 1075 116 ἵ
1121 76 1145 117 Β
1196 77 1222 115 E
1269 74 1308 124 R.

280 159 382 196 eritin
392 159 458 195 eius
467 158 609 206 copitulo
621 155 815 206 digitorum;
845 153 876 199 5.
906 154 928 189 fi
939 155 1053 202 pondo
1063 164 1223 202 quatuor,
1237 152 1418 200 digitorum
1445 150 1480 188 6.
1504 152 1526 188 fi
1536 152 1616 188 οᾶο
1626 176 1635 192 ,
1646 152 1824 201 digitorum
1849 161 1886 199 7.
1899 153 1956 197 'ts-s:
1984 139 2041 186 den*

280 210 469 257 tempondo
489 208 670 255 digitorum
706 207 738 241 8.
751 209 793 249 :j-s:
830 204 952 251 uiginti
977 203 1091 251 pondo
1110 203 1303 250 digitorum.
1334 208 1388 236 xo.
1402 206 1444 246 3⁴2⁸:
1479 202 1690 250 quadraginta
1707 202 1825 250 pondo
1861 201 2039 248 digitorum

282 269 305 294 x
316 271 363 294 11.
391 260 422 292 S.
451 259 492 291 Κ.
523 255 692 302 sexaginta
705 255 832 301 pondo,
843 253 1023 300 digitorum
1054 263 1076 285 x
1088 264 1101 285 1
1112 263 1124 285 1
1137 263 1166 285 ι.
1192 254 1224 285 &
1236 250 1330 298 digiti
1341 251 1456 286 ostana
1466 255 1565 298 parte,
1575 251 1762 298 oftuaginta
1772 250 1886 297 pondo
1895 271 1906 287 ,
1915 249 2039 297 digito-

281 316 354 342 rum
381 318 443 342 xv·
455 310 497 350 ,χ’-3
525 315 656 339 centum
674 303 905 350 uigintipondo
917 301 1005 348 pedis
1039 303 1066 334 Ι.
1095 301 1127 335 S.
1153 303 1186 334 δι
1204 296 1402 346 sesquidig'iti
1437 305 1442 343 ξ
1457 305 1461 341 ξ
1518 310 1647 333 centum
1659 321 1669 338 ,
1681 303 1714 334 δι
1733 299 1892 346 sexaginta
1902 298 2013 346 pondo
2026 314 2038 336 ‚⁴

282 355 403 404 pedum
434 366 446 388 ι
458 367 484 389 1.
512 354 552 399 ¹32}
586 356 718 388 centum
736 355 768 388 δι
787 352 973 397 ofituaginta
991 348 1104 396 pondo
1113 348 1232 396 pedum
1253 354 1305 382 11.
1332 351 1365 382 ἃ
1381 349 1561 396 digitorum
1581 360 1615 383 ν.
1641 347 1777 382 ducenta
1788 347 1902 396 pondo
1920 347 2038 394 pedum

287 416 300 438 ι
313 415 343 439 1.
378 407 411 439 &
421 402 600 451 digitorum
634 408 652 437 v
661 413 687 437 r.
716 401 855 436 ducenta
864 400 975 434 decem
985 398 1099 445 pondo
1122 397 1241 444 pedum
1272 408 1285 430 1
1297 409 1309 430 1
1317 412 1326 430 ⁴.
1352 401 1384 433 ἀ
1400 397 1581 446 digitorum
1607 408 1676 432 vu.
1718 398 1766 444 32}
1801 403 1824 432 C
1838 407 1860 430 c
1872 408 1892 431 1.
1903 420 1914 430 .
1947 408 2041 443 pon-

282 452 329 487 do
357 465 410 488 x1.
421 454 454 486 S.

333 503 486 547 Qoniam
497 497 618 535 balis‘iv's
627 501 756 544 ingentia
768 498 912 541 saxorum
921 498 1054 544 pondera
1063 494 1361 544 torquebantur3ideo
1371 494 1477 530 maiori
1483 505 1647 543 apparatu,
1655 507 1745 544 quam
1754 498 1783 530 in
1792 494 1957 542 catapultis
1964 503 2039 543 opus

284 560 364 587 erat.
375 556 517 585 Ceterum
527 555 567 589 θ
576 551 606 583 in
614 548 682 595 ipfis
691 546 800 590 balistis
808 548 970 589 discrimina
985 545 1055 588 fiant
1065 568 1074 583 ‚
1084 545 1153 580 licet
1164 546 1203 579 ad
1210 557 1301 579 unum
1311 542 1446 591 essedum
1464 556 1562 579 omnes
1570 554 1791 592 comparentur.
1802 544 1977 587 Discrimina
1986 544 2037 578 illa

284 608 325 635 ex
330 601 490 647 ponderum
499 598 709 632 mittendorum
719 595 886 640 diuerfitate
888 594 1045 637 sumuntur
1056 617 1065 631 ‚
1075 594 1143 628 hinc
1155 592 1192 634 esi
1203 595 1282 640 quod
1291 593 1355 627 alia
1373 592 1524 631 uet't'ibus',
1537 599 1578 633 (9-
1581 593 1692 636 fitcul1s
1703 616 1712 631 ,
1722 605 1784 641 qua
1797 592 1914 636 scilicet
1922 593 2037 626 minora

281 648 360 693 fizxa
370 650 504 686 mittunt,
510 646 650 680 nonnulla
660 644 801 679 trochleis
810 643 974 678 multorum
984 641 1195 679 orbiculorum,
1208 641 1272 675 aliae
1281 641 1408 687 ergatzssc,
1417 643 1548 688 quadam
1560 645 1648 676 etiam
1657 641 1810 689 tympanis
1819 649 2029 687 torqueantur.

286 697 401 734 Ralifia
410 698 500 743 igitur
509 693 606 729 omnis·
614 695 654 728 ad
657 692 841 740 propofitam
852 693 1081 737 magnitudinem
1102 689 1244 737 ponderis
1248 690 1316 733 saxi
1325 705 1335 728 5
1347 691 1425 738 quod
1436 691 1467 724 id
1475 702 1617 735 organum
1626 693 1744 725 mittere
1751 690 1848 727 debet,
1856 688 2036 736 perficienda

286 747 345 781 eft.
372 750 484 781 Verum
494 755 528 778 ea
539 745 616 777 ratio
627 754 684 776 non
694 740 732 783 eft
749 740 888 775 omnibus
904 741 1042 788 expedita
1053 759 1063 777 ,
1076 739 1128 783 nifi
1137 742 1212 773 enim
1230 741 1400 774 Geometria
1409 752 1419 775 ¹,
1428 738 1687 778 &Arithmetica
1704 740 1836 783 adsuerit
1844 760 1855 776 ,
1865 748 1964 771 uanus
1981 738 2039 771 erit

287 793 387 831 labor,
399 795 538 840 quoniam
544 790 711 839 periculum
721 788 758 832 est
769 802 804 824 ne
813 791 842 822 in
854 800 919 823 eum
929 800 1060 822 errorem
1075 790 1242 822 incidamus
1251 799 1262 826 ¹,
1271 799 1357 835 quem
1365 788 1407 822 illi
1417 789 1543 822 incidere
1553 802 1564 824 5
1576 789 1702 834 quicum
1711 786 1821 822 cubum
1833 785 1984 833 duplicare
1993 787 2039 818 in-·

289 843 462 887 flituiſj‘ent,
477 840 744 888 oc‘luplumfecere.
759 841 803 872 ita
812 836 920 882 enimsi
929 848 968 871 ex
977 836 1034 870 hoc
1038 839 1277 884 principiojquod
1284 838 1524 883 experientias&
1533 834 1738 879 obseruatione
1747 835 1883 872 maluit,
1892 843 1926 868 ut
1928 833 1957 878 fi
1964 835 2039 868 dua-

284 892 384 941 pondo
388 890 499 934 saxum
508 891 631 936 quinum
641 890 763 933 digitum
768 888 907 931 foramen
917 894 1038 933 quierat,
1049 884 1117 933 quis
1128 887 1323 920 ratiocinetur
1338 885 1568 933 quatuorpondo
1581 884 1691 928 sstxum
1709 886 1813 919 denum
1822 886 1947 930 digitum
1949 883 2040 927 fora-

287 951 356 975 men
364 937 474 973 habere
487 936 603 975 debere,
610 936 736 981 salietur
746 937 862 970 demum
874 944 907 969 ut
914 934 1070 982 plusquam
1080 943 1196 969 centum
1230 935 1338 981 pedum
1341 932 1438 978 funis,
1441 933 1494 976 seu
1499 932 1660 977 foraminis
1669 935 1845 968 diametrum
1849 930 1984 977 fficiat‚fi
1987 930 2041 974 fit*

289 1000 363 1023 xum
371 989 564 1022 ducentorum
578 992 619 1026 ξφ
628 986 843 1034 quinquaginta
860 985 957 1031 pondo
968 982 1041 1016 uelit
1050 992 1203 1030 torquere.
1231 988 1304 1017 'Cum
1314 982 1421 1026 necesse
1423 982 1465 1026 sit
1474 985 1528 1026 (ut
1537 983 1581 1016 ait
1588 982 1791 1025 Eratosthenes
1799 982 1839 1016 ad
1845 980 2040 1016 ‘Ptolomaeum

288 1048 389 1083 regem
400 1038 429 1069 in
439 1034 568 1084 epistolas
575 1035 722 1082 superiori
741 1032 818 1068 libro
833 1035 927 1067 citata
936 1033 955 1075 )
967 1034 1062 1066 omnia
1070 1034 1262 1079 proportione
1271 1033 1392 1077 augeri,
1402 1030 1600 1076 craffitudines
1609 1056 1618 1069 ‚
1628 1032 1843 1078 magnitudines
1853 1052 1863 1067 ,
1867 1030 2020 1073 foramina
2030 1045 2041 1065 φ

288 1084 452 1123 νηοάιοίοη
466 1091 506 1124 &
517 1095 623 1118 neruos
633 1084 825 1128 ingredientes
835 1107 844 1120 ‚
858 1081 989 1129 quaefine
1000 1082 1162 1114 mediarum
1179 1078 1429 1127 comparabilium
1446 1079 1683 1122 inuentionefteri
1693 1091 1751 1114 non
1765 1077 1883 1126 possunt
1892 1102 1902 1111 .
1925 1082 1964 1114 ,Α
1967 1086 2040 1125 tque

291 1135 352 1169 hac
361 1146 415 1168 nos
423 1131 579 1170 iuuabunt,
585 1132 612 1176 fi
625 1129 823 1167 Geometricii·
832 1128 996 1164 rationibus
1007 1131 1053 1163 uti
1060 1128 1196 1163 uelimus.
1221 1130 1448 1168 Simiaturenim
1457 1129 1601 1162 diameter
1603 1129 1686 1173 fimis
1696 1152 1706 1167 ,
1711 1127 1924 1172 sensoraminis
1933 1124 2040 1168 baliflae

291 1194 356 1232 quae
367 1183 523 1230 duapondo
529 1180 638 1224 saxmn
647 1182 766 1214 mittere
785 1180 804 1213 d
807 1177 874 1213 obet
884 1201 893 1216 ‚
905 1177 991 1221 &fit
1002 1177 1079 1211 linea
1102 1189 1122 1211 a
1147 1176 1178 1211 b.
1206 1177 1390 1220 &sumatur
1398 1175 1476 1210 linea
1509 1189 1526 1210 c
1550 1178 1580 1211 d.
1612 1177 1701 1224 dupla
1710 1176 1762 1224 ipsi
1787 1188 1806 1210 a
1832 1174 1863 1210 b.
1891 1180 1933 1215 (φ
1949 1176 2038 1208 iuxta

290 1231 336 1267 ali
358 1243 424 1266 uem
435 1232 554 1265 modum
566 1241 606 1264 ex
608 1227 790 1277 fitpradic‘liaes
799 1229 829 1261 in
841 1239 917 1261 nono
927 1225 1002 1260 libro
1012 1228 1174 1260 mediarum
1183 1228 1434 1263 inueniendarunu
1444 1227 1602 1272 capiantur
1609 1227 1708 1260 media:
1716 1222 1990 1272 comparabiles&
1998 1222 2039 1256 ha

295 1244 418 1316 heliuur
428 1282 572 1315 diameter
576 1278 659 1323 funis
669 1276 786 1319 balisiaes
797 1288 859 1324 quae
873 1281 1004 1323 quatuor
1012 1277 1107 1316 pondo
1110 1275 1219 1318 fitxum
1228 1277 1346 1309 mittere
1355 1273 1452 1308 debet.
1463 1280 1494 1310 V
1495 1286 1578 1308 erum
1581 1274 1610 1318 si
1616 1277 1742 1308 numeris
1751 1286 1785 1308 ea
1794 1275 1873 1308 ratio
1882 1272 2038 1318 quaerenda

295 1328 346 1372 eft,
359 1338 394 1363 ut
406 1330 498 1364 Graeci
505 1335 637 1364 monent,
650 1328 692 1360 ita
700 1328 759 1360 erit
761 1325 933 1369 fizciendum
941 1333 975 1358 ut
984 1325 1074 1358 etiam
1084 1325 1296 1358 animaduertit
1305 1330 1322 1358 Ι
1323 1334 1429 1358 oannes
1439 1329 1532 1357 Buteo
1542 1325 1592 1370 qui
1594 1322 1639 1368 fic
1648 1325 1704 1358 ait.
1732 1329 1805 1358 Cum
1814 1321 1890 1369 lapis
1899 1322 2040 1367 duapon—

292 1380 333 1413 do
338 1377 478 1423 foramen
487 1374 601 1410 habeat
610 1376 770 1421 digitorum
780 1376 919 1422 quinques
932 1381 1072 1419 quaritur
1077 1375 1119 1406 ad
1126 1372 1255 1420 lapidem
1264 1381 1395 1420 quatuor
1408 1373 1507 1418 pondo
1516 1381 1590 1419 quot
1598 1374 1758 1419 digitorum
1767 1369 1873 1406 debeat
1882 1368 1936 1415 esse
1941 1370 2039 1413 sora-

293 1437 362 1461 men
371 1427 387 1461 ,θ
395 1427 433 1461 ad
443 1424 551 1460 cubum
559 1426 657 1470 redige
681 1435 707 1457 s.
734 1423 791 1457 hoc
814 1423 859 1457 eft
866 1423 963 1456 ducac
974 1423 1002 1455 in
1006 1420 1055 1464 se,
1065 1423 1172 1468 pofiea
1180 1423 1209 1455 in
1214 1421 1394 1468 produc'lum
1403 1435 1413 1458 ·‚
1418 1419 1458 1462 fit
1466 1419 1560 1455 cultus
1590 1432 1601 1454 1
1613 1432 1627 1453 2
1637 1432 1667 1463 5.
1702 1432 1769 1455 cum
1778 1422 1881 1467 itaque
1891 1418 1993 1453 uideas
2000 1417 2041 1452 ad

294 1477 454 1523 duapondo
465 1476 641 1508 diametrum
646 1472 806 1516 foraminis
813 1472 879 1505 dari
886 1493 897 1508 ‚
908 1481 968 1518 quae
978 1469 1034 1512 sua
1049 1469 1238 1505 ‘cubicatione
1245 1471 1395 1517 producat
1424 1481 1435 1502 ι
1447 1481 1460 1501 2
1472 1477 1502 1510 5.
1534 1471 1650 1503 ratione
1653 1469 1790 1517 sequitur
1798 1491 1808 1506 ‚
1819 1476 1853 1502 ut
1862 1469 1901 1502 ad
1909 1475 2041 1515 quatuor

292 1526 405 1574 pondo,
414 1524 492 1569 quod
500 1521 537 1565 esi
546 1520 666 1569 duplum
694 1532 709 1554 2
716 1545 726 1555 .
752 1527 840 1555 tanta
848 1521 1009 1554 diametros
1017 1517 1270 1565 adhibeatumquae
1276 1518 1328 1559 [iia
1338 1521 1428 1552 etiam
1436 1516 1621 1552 cubicatione
1630 1518 1777 1565 compleat
1785 1527 1939 1551 numerum
1959 1526 1976 1548 2
1985 1524 2040 1553 50.

295 1575 349 1623 qui
357 1572 463 1620 duplus
473 1570 510 1613 eli
519 1569 588 1606 cubi
617 1581 630 1602 1
641 1581 655 1602 2
666 1578 696 1613 5.
723 1571 780 1604 Sed
790 1570 861 1616 quia
890 1578 957 1608 250
983 1579 1040 1601 non
1057 1567 1095 1607 eli
1101 1567 1196 1602 cubus
1211 1566 1311 1614 ipfius·‚
1321 1568 1399 1615 quod
1414 1568 1555 1615 quaeritur
1564 1568 1603 1600 ad
1619 1568 1780 1601 diametron
1789 1588 1798 1604 ‚
1816 1565 1896 1600 latus
1908 1563 2042 1611 perfel'le
2071 1566 2118 1602 30

297 1624 363 1658 dari
372 1633 431 1655 non
439 1621 540 1668 potei'i
549 1622 578 1653 in
595 1620 722 1653 numeris
731 1632 741 1657 ¹,
752 1630 820 1653 cum
828 1616 932 1661 nonfit
939 1617 969 1650 in
978 1628 1079 1650 rerum
1088 1625 1197 1650 natura
1206 1641 1214 1648 .
1243 1614 1375 1663 Superest
1382 1618 1472 1661 igitur
1481 1624 1516 1650 ut
1525 1614 1595 1649 huic
1602 1618 1803 1663 propinquum
1819 1623 1972 1648 numerum
1980 1624 2041 1646 ra·-

296 1673 466 1707 tiocinando
479 1668 638 1717 disquiras,
647 1677 734 1714 quem
743 1667 874 1701 inuenies
885 1664 938 1709 effe
946 1667 1088 1699 maiorem
1097 1669 1189 1713 quam
1216 1668 1246 1698 62
1277 1666 1355 1710 quod
1363 1664 1401 1705 esi
1409 1662 1566 1698 latuscubi
1595 1676 1611 1698 2
1620 1676 1632 1697 1
1641 1669 1674 1699 6.
1699 1666 1841 1699 maiorem
1848 1664 1940 1698 etiam
1949 1672 2040 1708 quam

291 1720 349 1765 fex
357 1726 495 1766 &parte
504 1726 626 1765 quarta,
634 1719 777 1750 minorem
786 1724 898 1752 autem,
911 1713 1002 1761 quam
1005 1713 1072 1757 sex,
1084 1720 1125 1753 &⁴
1133 1716 1234 1748 tertia.
1266 1718 1314 1747 Ex
1325 1713 1372 1747 his
1377 1712 1538 1760 particulis
1554 1714 1644 1747 tertia
1659 1713 1783 1757 ftilicet,
1797 1718 1839 1753 (9-
1846 1719 1958 1760 quarta
1959 1709 2043 1753 sum*

294 1779 350 1819 pto
360 1769 489 1806 dimidios
501 1769 581 1815 quod
590 1764 628 1808 esi
630 1765 743 1812 septem
753 1763 1126 1812 quartadecimaenunc‘t'offl
1133 1762 1231 1806 -adsex
1237 1772 1390 1796 numerum
1400 1759 1690 1804 habebissenariuim
1698 1774 1765 1798 cum
1769 1761 1881 1809 septem
1893 1757 2040 1806 uigefimis

298 1819 434 1866 quartis,
445 1818 518 1851 adeo
529 1814 650 1849 ueritati
657 1817 866 1862 propinquum,
877 1822 909 1847 ut
918 1813 984 1846 inde
993 1813 1106 1850 nullus,
1117 1814 1152 1845 de
1161 1823 1219 1860 quo
1225 1810 1266 1855 sit
1284 1812 1446 1845 curandum
1455 1833 1465 1848 ,
1476 1821 1560 1845 error
1569 1813 1640 1845 oriri
1647 1811 1730 1859 poffit
1740 1836 1748 1845 .
1758 1822 1828 1845 nam
1837 1807 1931 1854 cultus
1936 1807 2044 1842 lateris

293 1868 351 1912 sex
358 1865 514 1912 &septem
523 1863 664 1909 uigefimae
672 1872 794 1910 quartaes
806 1863 851 1897 est
881 1873 960 1907 249.
988 1867 1028 1901 (9-
1037 1873 1077 1896 ex
1082 1859 1237 1908 particulis
1268 1871 1280 1892 1
1292 1871 1304 1899 ζ
1314 1860 1332 1893 8
1339 1872 1395 1906 24.
1433 1871 1476 1905 77
1485 1870 1497 1902 5
1506 1885 1514 1894 .
1541 1862 1663 1894 dicimus
1683 1863 1784 1907 itaque
1795 1862 1824 1893 in
1833 1856 1944 1894 balista
1957 1870 1968 1895 ·‚
1977 1865 2042 1903 quae

299 1924 430 1964 quatuor
434 1913 533 1961 pondo
543 1914 662 1946 mittere
671 1910 771 1949 debet,
775 1912 912 1955 foramen
920 1922 949 1943 in
958 1912 1020 1944 eius
1030 1909 1161 1957 capitulo
1165 1908 1234 1952 fieri
1251 1907 1359 1944 debere
1375 1911 1533 1955 digitorum
1537 1908 1593 1952 fex
1603 1923 1614 1946 3
1624 1915 1665 1949 &¹
1673 1910 1757 1955 digiti
1767 1908 1879 1956 septem
1887 1902 2043 1951 mgefimlfi

299 1965 429 2015 quartis.
456 1963 644 2008 Inquiramus
651 1969 751 1994 autem
760 1959 867 2007 lapidis
876 1961 1071 2006 decempondo
1077 1959 1215 2003 foramen
1229 1973 1239 1993 :
1248 1969 1315 1993 cum
1324 1960 1413 2004 igitur
1421 1957 1477 1991 hoc
1485 1959 1601 2004 pondus
1618 1959 1658 1992 ad
1669 1959 1824 2005 duapondo
1827 1956 1871 2000 fit
1882 1951 2042 2002 quincupli

296 2017 345 2049 ita
356 2018 397 2052 (9·
416 2010 525 2047 cubum
530 2010 686 2054 foraminis
696 2008 782 2057 ipsius
792 2031 802 2047 ,
813 2010 853 2042 ad
863 2006 972 2043 cubum
977 2009 1134 2052 foraminis
1141 2007 1266 2042 alterius
1278 2031 1288 2046 ‚
1299 2006 1489 2054 quincuplum
1497 2005 1552 2050 effe
1565 2016 1682 2053 oportet
1692 2032 1700 2041 .
1714 2007 1891 2054 nequeenim
1897 2002 1988 2037 aliter
1998 2003 2044 2034 in-

301 2064 410 2099 fiituta
415 2060 571 2109 proportio
581 2057 704 2100 confiat.
715 2066 876 2105 propterea
885 2059 945 2091 iam
951 2057 1078 2104 positum
1087 2055 1195 2092 cubum
1223 2069 1235 2090 1
1243 2069 1257 2089 z
1268 2067 1298 2098 5.
1327 2054 1492 2103 multiplico
1496 2063 1552 2102 per
1583 2064 1612 2097 5.
1639 2062 1681 2095 (φ
1689 2056 1806 2101 colligo.
1825 2057 1845 2086 6
1852 2062 1907 2093 25.
1930 2049 2044 2097 possum
2071 2059 2121 2096 4⁰

302 2113 395 2146 etiam
404 2111 444 2144 ad
452 2109 510 2143 hoc
519 2108 723 2143 ratiocinando
733 2105 866 2152 regulam
873 2105 1016 2141 adhibere
1025 2105 1175 2150 dicendofi
1183 2107 1279 2153 pondo
1308 2118 1322 2138 z
1330 2129 1339 2139 .
1360 2103 1420 2147 fiat
1449 2115 1502 2138 10.
1527 2105 1599 2151 quid
1631 2116 1642 2138 1
1653 2116 1668 2136 2
1679 2114 1708 2147 5··
1733 2108 1772 2139 ,A
1767 2115 1808 2149 ge
1817 2100 2043 2149 multiplicando

304 2172 320 2194 1
331 2169 386 2202 25.
411 2161 441 2193 in
470 2169 524 2192 10.
552 2156 786 2205 &produt‘ium
815 2166 916 2199 1250.
941 2157 1115 2203 partireper
1152 2168 1182 2188 2¹.
1208 2156 1318 2202 idemq;
1329 2154 1407 2201 quod
1420 2155 1505 2200 prius
1520 2154 1668 2190 inuenies3
1674 2151 1802 2196 scilicet.
1825 2156 1890 2193 625
1908 2175 1918 2185 .
1945 2149 2045 2183 Huius

303 2208 437 2245 cubitum
447 2207 546 2243 latus,
556 2207 594 2240 ad
604 2216 707 2240 uerum
716 2206 859 2239 accedens
865 2207 1001 2252 proxime
1018 2203 1056 2246 esi
1084 2204 1115 2237 8.
1146 2209 1187 2243 &⁸
1203 2205 1337 2237 undecim
1355 2201 1495 2247 uigefimae
1503 2223 1514 2239 ‚
1530 2203 1607 2235 unde
1617 2203 1756 2248 prouenit
1773 2198 1867 2235 cubus
1893 2202 1914 2233 6
1920 2211 1934 2232 2
1943 2207 1974 2242 5·.
2001 2202 2044 2236 (9-

306 2269 382 2292 211.
409 2253 610 2291 octomtlenas.
637 2261 793 2290 Inuentum
801 2256 893 2300 igitur
903 2255 942 2288 ad
956 2253 1082 2300 lapidem
1087 2253 1184 2299 pondo
1194 2253 1294 2286 decem
1311 2253 1475 2298 aptandum
1486 2249 1540 2294 esse
1550 2250 1689 2294 foramen
1714 2250 1873 2294 digitorum
1885 2249 1963 2286 οὲἶο,
1974 2256 2043 2282 cum

304 2308 440 2342 undecim
449 2302 594 2349 uigofimis
604 2328 613 2336 .
639 2305 711 2348 Qae
720 2305 836 2350 quidem
843 2301 995 2350 particula
1004 2303 1088 2347 digiti
1090 2299 1232 2345 semissem
1242 2302 1360 2335 excedit
1366 2311 1425 2334 una
1433 2299 1572 2347 uigefima
1583 2323 1592 2333 .
1604 2305 1643 2338 (ξφ
1648 2298 1693 2342 fic
1701 2299 1740 2332 ad
1748 2309 1832 2332 omne
1839 2299 1943 2332 datum
1953 2307 1993 2344 po
1999 2306 2043 2328 n-

299 2357 361 2390 -dus
370 2350 660 2390 rationibus¹cubic1's
665 2352 816 2396 foramina
824 2350 988 2397 inuestigari
993 2349 1119 2398 poffimt.
1145 2351 1203 2384 Sed
1212 2352 1240 2383 in
1245 2346 1304 2386 4235.
1317 2345 1561 2397 quieabauthore
1569 2348 1720 2394 ponuntur
1727 2361 1738 2384 5
1753 2348 1879 2394 demptis
1882 2348 1992 2394 primo,
2001 2348 2043 2382 ό*

307 2404 412 2440 ultimo
421 2414 477 2437 non
487 2400 700 2446 nifisi’cundum
713 2402 938 2448 proximitatem
954 2401 1083 2434 inuentio
1097 2400 1232 2446 procedit
1243 2400 1321 2446 quod
1340 2403 1381 2437 (φ
1388 2397 1583 2443 intelligentie
1593 2395 1797 2443 difficultatem
1806 2418 1817 2433 ‚
1827 2401 1868 2435 (q-
1877 2397 2046 2430 ratiocina-

300 2453 380 2488 tioni
388 2449 546 2493 molestiam
553 2450 653 2497 affert.
682 2456 717 2484 In
726 2448 827 2483 multis
835 2457 934 2482 tamen
951 2450 1067 2482 numeri
1067 2449 1249 2492 foraminum
1263 2447 1392 2494 'perfecie
1402 2447 1594 2482 conueniunt,
1604 2455 1638 2480 ut
1651 2453 1722 2492 pote
1723 2445 1752 2489 fi
1769 2446 1855 2479 detur
1863 2443 1940 2491 lapis
1945 2441 2046 2492 pondo

300 2501 453 2547 sexdecim
456 2500 594 2544 foramen
602 2499 825 2544 eritdigitorum
837 2498 937 2531 decem
944 2515 955 2531 ·.
980 2499 1128 2543 Qoniam
1137 2495 1231 2530 cubus
1239 2495 1343 2529 lateris
1363 2507 1374 2528 1
1382 2507 1403 2528 o
1414 2518 1424 2528 .
1449 2492 1546 2541 quiesi
1576 2506 1587 2528 1
1596 2506 1681 2529 000.
1708 2495 1748 2528 ad
1765 2491 1874 2528 cubum
1880 2492 1985 2527 lateris
2015 2500 2046 2532 5·

303 2553 359 2598 qui
368 2551 414 2584 eii
442 2561 454 2582 1
465 2560 479 2581 2
490 2556 520 2591 ς.
547 2549 692 2582 rationem
701 2545 804 2584 habet,
814 2557 903 2593 quam
908 2547 1006 2593 pondo
1008 2545 1169 2588 sexdecim,
1181 2546 1221 2578 ad
1226 2545 1392 2591 duapondo)
1402 2542 1469 2585 idesl
1479 2543 1640 2589 octuplam.
1660 2549 1736 2578 Item
1743 2544 1783 2576 ad
1791 2543 1887 2589 pondo
1917 2551 1972 2587 54.
1992 2542 2045 2585 fo·
2076 2551 2123 2589 50

307 2610 412 2634 rameri
422 2600 479 2632 erit
486 2597 646 2642 digitorum
656 2597 821 2643 quindecim
830 2596 869 2629 ad
874 2596 983 2642 pondo,
1019 2606 1029 2626 ι
1042 2595 1095 2627 28.
1121 2595 1282 2639 digitorum
1310 2604 1367 2626 20.
1394 2592 1450 2627 hoc
1461 2590 1498 2633 esi
1509 2594 1591 2638 pedis
1599 2594 1697 2629 unius,
1706 2602 1774 2626 cum
1781 2590 1958 2638 quadrante.
1985 2590 2045 2626 ,Ad

302 2650 403 2696 pondo
430 2659 445 2680 2
455 2656 509 2689 50.
557 2646 615 2679 uod
622 2643 659 2686 esl
668 2645 831 2679 maximum
840 2646 869 2677 in
877 2649 907 2678 V
908 2645 1017 2677 itruuio
1025 2665 1035 2680 ,
1043 2644 1126 2690 pedis
1138 2644 1226 2675 ¹unius
1235 2654 1302 2676 cum
1312 2645 1423 2686 nouem]
1433 2642 1532 2686 digitis
1541 2665 1550 2674 .
1577 2647 1672 2675 Docet
1680 2647 1822 2687 praterea
1831 2641 1907 2672 idem
1915 2638 2025 2672 author
2032 2658 2045 2675 ,

301 2698 387 2744 ‘quod
395 2697 472 2729 datis
481 2657 658 2742 quiZuslibet
663 2693 846 2737 foraminum
853 2693 992 2729 numeris,
1003 2703 1087 2725 omne
1096 2693 1186 2724 etiam
1193 2693 1306 2737 pondus
1316 2689 1442 2737 ipsorum
1450 2692 1479 2723 in
1488 2691 1617 2723 numeris
1626 2687 1748 2723 dabitur
1758 2685 1827 2730 abso
1832 2686 1906 2721 lure.
1919 2697 2044 2734 quorum

306 2745 423 2792 aliquot
433 2742 572 2790 exempla
575 2740 774 2788 submit-Esto
779 2742 917 2786 foramen
924 2742 953 2774 in
963 2739 1073 2774 balista
1082 2741 1241 2785 digitorum
1244 2739 1310 2782 sex,
1321 2741 1405 2773 cuius
1414 2738 1540 2785 lapidem
1549 2745 1687 2785 oporteat
1695 2738 1835 2770 inuenire.
1843 2738 1965 2782 Accipe
1973 2736 2049 2769 duos

304 2793 404 2828 'cubos
411 2792 540 2826 laterum
571 2801 600 2833 5.
626 2796 667 2830 ey·
694 2793 726 2824 6.
757 2791 808 2836 qui
810 2790 891 2833 fiam.
923 2800 936 2823 1
945 2800 960 2821 2
970 2799 1001 2832 5.
1029 2794 1070 2827 (7⁶
1099 2800 1115 2821 2
1126 2800 1138 2822 1
1147 2793 1179 2823 6.
1206 2794 1248 2828 φ·
1256 2791 1299 2822 ita
1310 2789 1498 2822 ratiocinare.
1508 2788 1539 2820 Si
1567 2798 1579 2819 1
1588 2799 1601 2818 2
1611 2797 1641 2828 5.
1663 2784 1702 2827 fit
1731 2797 1746 2817 τ.
1759 2796 1767 2817 ι
1778 2787 1809 2818 6.
1835 2785 1908 2831 quid
1916 2787 2048 2830 duapon-

307 2843 348 2876 do
358 2842 422 2879 ?&
429 2840 609 2887 productum
615 2840 748 2886 partiens
759 2840 789 2872 in
820 2850 831 2872 r
843 2850 858 2871 2
868 2848 897 2881 5¹.
919 2836 1108 2885 prouenietq;
1137 2847 1150 2881 3
1162 2847 1175 2878 5
1185 2849 1204 2881 7
1216 2858 1225 2870 .
1252 2839 1380 2871 dicemus
1397 2838 1490 2881 igitur
1493 2835 1637 2878 foramini
1651 2835 1809 2878 digitorum
1816 2832 1872 2875 Jex
1883 2831 1983 2867 deberi
1999 2831 2049 2865 la-

305 2891 407 2938 pidem
415 2889 570 2936 triapondo
577 2900 645 2923 cum
658 2886 812 2934 particula
842 2898 855 2920 1
865 2898 881 2919 2
891 2895 921 2929 5·.
948 2897 1009 2933 quae
1018 2888 1135 2933 quidem
1154 2885 1245 2932 paulo
1255 2887 1348 2919 maior
1358 2883 1395 2926 esi
1404 2885 1569 2931 quincunce
1577 2907 1586 2916 .
1602 2888 1643 2922 (φ
1651 2882 1707 2916 hoc
1716 2883 1801 2916 modo
1810 2882 1888 2915 datis
1889 2881 2048 2925 foramini-

306 2938 368 2973 'bus
380 2937 512 2985 lapidum
515 2940 701 2982 grauitatem
704 2935 820 2982 semper
830 2934 954 2969 babebis
963 2947 972 2968 .·
982 2943 1015 2968 ut
1023 2936 1052 2968 in
1056 2933 1228 2981 semipedali
1231 2935 1380 2979 foramine
1399 2932 1475 2979 lapis
1485 2933 1541 2965 erit
1558 2931 1720 2978 ottopondo
1735 2941 1802 2964 cum
1829 2941 1886 2975 24.
1913 2927 2050 2972 Centesi-

303 2989 367 3020 vnis
375 2984 520 3032 uigefimis
526 2987 647 3032 quintis.
674 2991 689 3019 1
691 2995 708 3017 n
711 2983 895 3031 semipedali,
905 2989 946 3022 ξφ
955 2984 1043 3017 unius
1050 2984 1134 3029 digiti
1139 2983 1236 3030 pondo
1267 2993 1279 3015 1
1292 2994 1318 3015 1.
1341 2988 1413 3015 'cum
1440 2981 1458 3014 8
1467 2991 1479 3024 ς
1487 3004 1497 3014 .
1523 2989 1640 3014 centum
1652 2978 1797 3025 uigefimis
1805 2979 1913 3024 quintis
1923 2979 1951 3010 in
1956 2978 2049 3023 peda-

303 3033 453 3083 ·ii‚pondo
479 3037 499 3067 6
505 3043 518 3080 5
530 3059 538 3068 .
558 3045 633 3069 -cum
658 3038 716 3077 67.
732 3042 855 3068 ventum
864 3031 1138 3079 uigesimis'quintis‚
1147 3029 1390 3080 inpalmopedali
1395 3037 1520 3065 centum
1529 3030 1634 3075 uiginti
1642 3029 1708 3063 otto
1716 3049 1728 3067 ,
1738 3029 1768 3061 in
1777 3025 2052 3074 stsquipedalipon—
2077 3037 2126 3070 60

2014 3077 2055 3110 do

2068 579 2114 605 10

2069 1071 2116 1097 20
