2241 3318
277 147 355 183 “342
920 133 947 161 -“-“
988 134 1032 166 Z<
1060 135 1148 167 twa
1175 135 1237 165 ·Ε’
1272 134 1316 174 R?

286 222 355 244 num
369 221 428 258 quo
439 209 590 256 quippiam
599 213 747 244 mouetur,
757 204 849 240 ueflis
856 203 947 240 latine
957 206 1077 243 dicitur,
1085 203 1206 246 μᾶχλιον
1217 210 1328 240 Graece,
1338 201 1438 237 leuem
1445 214 1511 240 nos,
1515 202 1566 244 seu
1578 201 1715 248 slangam
1724 204 1908 250 appellamus
1918 227 1929 243 ,
1940 206 1971 239 id
1979 208 2032 240 ιῖε-

286 271 320 293 ro
336 271 383 293 cui
395 259 485 291 mellis
494 259 630 290 innititur
642 254 746 302 preffio
755 254 1036 295 latinen‘mno‘va
1047 260 1146 289 Gracc
1155 255 1336 289 nominatur,
1339 251 1500 294 scabellum
1509 249 1596 293 nostri
1612 253 1723 286 dicunt.
1733 251 1793 286 baec
1803 255 1901 287 omnia
1910 266 1928 288 a
1936 252 2030 295 [iate.

286 319 321 342 ra
330 309 369 340 ad
379 306 518 342 libram,a
527 304 606 339 libra
619 306 658 339 ad
666 303 771 338 circuli
779 305 924 337 rationem
931 303 1080 336 ducuntur
1092 327 1101 335 .
1128 300 1326 344 obseruatum
1335 298 1374 341 eli
1379 310 1494 347 partes,
1528 311 1569 333 uae
1576 312 1595 333 a
1605 308 1707 334 centro
1715 300 1784 347 plus
1801 300 1925 344 absunt,
1935 305 2030 337 maio-

286 368 335 390 res
337 355 453 398 fizcere,
463 354 509 388 cel
512 353 710 401 erioresq5,&
719 354 868 386 euidentes
876 353 970 397 magis
979 353 1136 387 motiones,
1146 349 1236 398 qudm
1249 352 1403 396 proximan
1413 361 1483 384 nam
1489 312 1528 382 ab
1537 351 1658 382 immoto
1677 351 1771 394 magis
1787 349 1889 391 dislant
1902 372 1912 388 ,
1926 356 1966 390 (3·-
1975 354 2031 385 mi-

286 416 342 437 nus
351 405 442 437 centri
452 412 562 436 natura
576 404 736 450 participes
737 400 817 444 sunt,
829 402 967 448 quoniam
975 401 1070 433 minus
1081 400 1289 446 impediuntur,
1297 399 1362 432 ideo
1371 399 1401 431 in
1411 400 1490 432 omni
1497 409 1609 442 organo
1616 406 1672 431 aut
1681 407 1881 435 centrum,aut
1890 400 1967 446 quod
1972 410 2030 447 pro

285 462 390 487 centro
399 450 538 488 habetur,
549 450 734 495 considerare
742 458 862 496 oportet
871 475 880 484 .
907 456 941 484 In
949 447 1028 482 libra
1037 450 1140 493 igitur,
1151 453 1192 487 &⁸
1201 449 1316 481 trutina
1329 456 1385 493 pro
1394 455 1496 481 centro
1512 447 1557 480 eft*
1562 446 1706 492 punitum
1721 446 1795 480 illud
1815 446 1941 485 axiculi,
1951 450 2030 494 quod

283 511 339 548 per
346 500 459 543 anfizm,
472 506 512 540 ζα-
522 499 676 545 lingulam,
685 511 750 545 quae
759 509 886 532 examen
903 496 952 538 est,
965 498 1126 543 traijcitur.
1138 495 1222 530 locus
1230 497 1255 529 is
1273 504 1409 530 centrum
1417 517 1427 534 ,
1437 500 1478 535 ά·
1487 504 1631 542 tanquam
1638 495 1754 540 pressio,
1767 500 1809 534 &-
1819 496 2029 542 lyypomochln‘i

278 548 335 592 esi,
345 551 484 595 quoniam
493 547 546 595 ipfi
554 549 646 582 uectis
653 549 836 584 immittitur,
852 552 893 585 ρ’]-
902 548 933 579 in
949 544 1028 580 libra
1037 543 1174 581 brachia,
1185 546 1332 592 quaescapi
1349 545 1497 583 dicuntur,
1504 553 1559 591 pro
1569 541 1702 578 uectibus
1710 541 1871 581 habentur,
1883 556 1945 591 quae
1956 544 2028 587 fiant

285 607 430 645 tanquam
447 596 526 630 linea
541 609 560 631 a
572 606 673 631 centro
682 597 782 630 dubia.
791 606 860 630 cum
868 597 959 641 igitur
962 594 1056 640 scapi,
1067 592 1204 630 brachia,
1209 591 1262 634 seu
1272 594 1348 638 radiq'
1355 591 1510 640 aquafiant
1519 593 1731 637 magnitudine,
1752 597 1794 631 (φ
1799 594 1938 639 pondere,
1941 593 1971 637 fi
1975 593 2028 636 fia-

283 647 445 693 [pendatur
455 644 545 683 libra,
556 657 658 679 eorum
667 647 768 692 capita
776 642 955 691 aqiiid1slant
961 655 981 676 a
982 642 1103 686 sulm&-
1118 644 1149 675 in
1155 642 1264 675 nullam
1271 650 1390 687 partem
1397 639 1566 688 proclinant
1581 666 1589 674 .
1600 651 1666 675 cum
1675 651 1746 673 uero
1756 638 1893 674 lancibus
1911 653 1951 675 ex
1968 653 2028 677 una

283 704 374 742 parte
383 707 456 728 onus
471 695 658 741 appenditur,
670 705 709 727 ex
717 694 767 727 illa
776 701 862 739 parte
871 693 1055 739 deprimitur,
1065 692 1152 724 citius
1160 701 1251 737 quoq,·
1261 689 1420 732 descendet,
1431 691 1521 722 etiam
1531 690 1633 722 minori
1643 700 1732 722 onere
1750 687 1894 735 apposito,
1904 700 1971 736 quo.
1981 689 2028 725 al—

288 752 336 777 ter
338 742 497 789 scaporum
508 742 624 787 longior
636 744 691 776 erit
701 763 710 779 ‚
722 750 776 775 aut
787 752 859 773 onus
869 752 888 774 a
898 749 998 774 centro
1009 741 1104 785 magis
1111 737 1239 772 aberit.1
1241 740 1294 772 deo
1303 740 1332 771 in
1351 737 1530 772 mechanicis
1540 737 1649 770 dii't'um
1667 735 1702 779 eft
1713 735 1812 771 libras
1822 748 1876 771 eae
1884 736 1942 781 effi:
1960 750 2025 772 cer—

288 793 379 826 tiores
391 813 402 829 ,
412 792 537 839 quarum
541 790 625 837 scapi
629 790 699 833 fiant
710 789 868 835 longiores,
877 786 947 830 idest
956 789 1055 825 citius,
1067 793 1107 828 (φ
1115 789 1220 821 minori
1227 798 1315 821 onere
1327 786 1450 824 librant,
1461 791 1502 824 (φ
1513 786 1675 819 euidentius
1690 797 1763 820 onus
1772 784 1929 820 oflendunt
1938 808 1949 824 ,
1958 798 2028 821 nam

288 839 349 873 leui
358 838 493 885 qualibet
505 841 598 873 oneris
608 839 757 873 additione
765 846 920 872 mouentur
928 859 938 875 ,
948 842 989 876 &
997 834 1088 884 aquo,
1099 834 1277 870 ueLminoris
1287 837 1428 883 temporis
1450 834 1605 868 interuallo
1609 832 1680 881 plus
1695 833 1756 868 loci
1775 837 1955 880 praetereunt
1963 857 1973 872 ,
1984 841 2027 874 &-

283 887 353 935 plus
362 890 499 922 motionis
507 887 648 933 efficiunt.
677 888 734 922 Sed
742 886 798 921 boc
817 887 860 920 ita
869 886 1086 931 intelligendum
1095 883 1132 926 esi
1141 894 1175 918 ut
1183 893 1288 918 catera
1294 887 1382 932 paria
1393 883 1464 928 sint,
1475 881 1532 917 hoc
1541 880 1579 924 esi
1587 884 1713 917 materia
1716 881 1823 927 fimilis
1832 905 1842 921 ‚
1857 889 1898 922 Θ·
1917 883 2023 926 unius-

286 938 383 974 modi,
396 942 436 976 &
444 946 498 983 per
507 947 606 970 omnes
611 945 714 982 partes
723 947 802 982 aequo
816 938 955 982 pondere,
965 940 1006 974 ξφ
1017 932 1154 981 aequabili
1163 933 1343 979 longitudine
1354 931 1540 974 conficiatur.
1551 932 1726 975 Radiorum.
1737 931 1786 966 uel
1789 931 1950 979 scaporum
1959 930 2026 966 lon-

276 987 388 1031 gitudo
397 986 520 1019 amedio
525 985 635 1032 punl‘lo
639 984 780 1028 sumitur,
795 986 824 1017 in
834 995 894 1031 quo
901 991 1036 1017 centrum
1038 980 1192 1024 statuitur.
1202 986 1239 1016 M
1242 990 1386 1016 oueantur
1393 983 1485 1027 igitur
1490 979 1647 1026 scaporum
1655 981 1814 1027 capitas&
1820 979 1950 1015 alterum
1959 982 2026 1015 eri-

278 1043 385 1080 gatur,
395 1033 527 1068 alterum
536 1035 729 1081 deprimatur,
741 1033 964 1067 circinationem
973 1032 1121 1079 quandam
1138 1029 1287 1076 designare
1303 1032 1441 1078 incipient
1449 1030 1551 1063 eodem
1559 1037 1716 1066 momento,
1726 1034 1766 1068 &-
1776 1037 1904 1076 uterque
1909 1030 2026 1076 pariter

288 1084 439 1116 dimidium
452 1081 599 1117 circulum
609 1081 724 1127 efficiet,
734 1093 803 1115 nam
813 1082 865 1128 qui
867 1080 983 1124 sursum
996 1080 1095 1124 fertur
1104 1088 1264 1125 tetrantem
1274 1091 1363 1113 unum
1371 1077 1505 1120 absoluet
1517 1099 1528 1115 ,
1537 1083 1578 1116 (9-
1586 1079 1638 1124 qui
1645 1077 1777 1120 deorsum
1787 1076 1926 1112 alterum.
1936 1079 2026 1124 Qod

276 1130 309 1176 -fi
320 1131 403 1177 scapi
411 1143 467 1164 non
472 1131 589 1175 fuerint
597 1143 675 1178 aque
685 1128 935 1177 longi,inaquales
942 1131 1033 1163 etiam
1043 1137 1128 1162 erunt
1140 1139 1240 1162 eorum
1249 1129 1481 1163 rotundationes,
1483 1125 1590 1173 scapus
1599 1128 1673 1160 enim
1680 1127 1776 1160 maior
1784 1124 1841 1168 fita
1849 1129 2026 1160 extremita-

274 1190 318 1215 te
325 1181 466 1214 maiorem
474 1181 696 1216 circinationem
706 1177 816 1222 fficiet,
827 1180 923 1212 minor
931 1190 1003 1212 uero
1014 1179 1167 1213 minorem,
1178 1178 1253 1210 unde
1263 1176 1499 1223 corfiequetunut
1513 1176 1564 1222 qui
1573 1173 1688 1220 longior
1693 1175 1789 1220 fuerit
1800 1173 1909 1221 scapus
1925 1177 2026 1209 eodem

286 1238 418 1276 tempore
429 1228 560 1264 uelocius
570 1228 666 1262 altero
675 1237 845 1261 moueatur.
855 1228 916 1273 idq‚·
927 1227 1099 1273 intelligitur
1108 1226 1142 1259 de
1149 1224 1228 1259 libra
1239 1223 1588 1272 ,fiueJuspendatumfiue
1594 1223 1757 1266 fulciatur,
1765 1231 1799 1257 ut
1808 1221 1846 1265 esi
1854 1225 1882 1256 in
1891 1225 2026 1269 diagram

285 1286 378 1312 mate.
390 1276 437 1319 Est
449 1284 489 1317 ψ·
497 1277 580 1312 aliud
589 1274 669 1311 libra
674 1287 780 1322 genus,
790 1277 870 1323 quod
885 1277 985 1322 potius
986 1273 1150 1318 semilfbras
1160 1285 1251 1320 quam
1258 1272 1338 1308 libra
1348 1274 1498 1308 dicendum
1507 1270 1556 1314 est.
1583 1273 1618 1306 Id
1634 1274 1778 1306 trutinam
1794 1280 1906 1306 uocant
1915 1297 1925 1306 .
1950 1277 2022 1306 Sta-

286 1334 387 1360 teram
402 1325 497 1367 nostri.
502 1326 594 1370 refert
604 1334 706 1359 autem
714 1322 796 1359 libra
805 1323 1039 1368 similitudinem,
1047 1328 1087 1363 ψ
1097 1324 1190 1357 tutior
1198 1321 1235 1365 esi
1246 1324 1342 1370 operis
1358 1322 1579 1358 commoditate,
1589 1331 1658 1354 nam
1668 1319 1747 1354 libra
1754 1322 1799 1354 uti
1807 1331 1867 1354 non
1876 1319 2025 1367 poffiimus

278 1374 342 1419 nisi
348 1376 436 1422 paria
446 1376 578 1422 pondera
585 1372 772 1421 penfionibus
775 1371 891 1420 semper
909 1370 1090 1409 habeantur,
1101 1383 1228 1418 quarum
1244 1380 1408 1419 apparatus
1416 1393 1427 1409 ‚
1436 1378 1527 1417 atque
1535 1370 1678 1404 tractatio
1686 1367 1724 1411 esi
1732 1370 1826 1415 magis
1833 1369 1951 1416 operosa
1959 1391 1972 1407 ,
1983 1375 2024 1409 ά·

286 1423 349 1457 mol
351 1425 459 1458 essann
469 1424 593 1458 §fateris
602 1431 701 1457 autem
710 1423 850 1469 quicquid
860 1422 1045 1469 appenderis,
1048 1420 1100 1464 seu
1108 1432 1248 1466 magnum
1259 1443 1269 1458 ‚
1274 1421 1325 1464 seu
1334 1430 1475 1468 paruum,
1488 1419 1575 1452 unico
1581 1419 1713 1465 pondere
1720 1417 1777 1452 boc
1786 1416 1823 1459 eft
1832 1419 2022 1465 aequipondio‚

279 1474 365 1520 quod
372 1473 499 1516 sferoma
513 1470 705 1513 Gracimoslri
723 1477 866 1505 Marcum
875 1470 1036 1517 appellant,
1045 1468 1098 1515 aliq'
1114 1475 1291 1513 Romanum.
1300 1468 1476 1511 disiint‘lione
1492 1476 1591 1502 tamen
1600 1466 1776 1513 punc'iorum
1783 1469 1984 1501 examinatur.
1993 1468 2025 1501 id

285 1530 387 1555 autern
394 1521 532 1568 itast-apo
543 1522 714 1567 imponitur,
724 1528 758 1553 ut
767 1520 855 1554 modo
864 1532 883 1553 a
900 1528 1003 1553 centro
1011 1519 1097 1552 modo
1107 1518 1147 1552 ad
1160 1526 1294 1552 centrum
1302 1526 1467 1555 moueatur,
1476 1524 1510 1550 ut
1527 1516 1652 1552 maiora.
1663 1516 1827 1553 &minora
1842 1517 1975 1561 pondera
1983 1515 2022 1548 lie

285 1568 355 1604 bret
364 1592 373 1607 ‚
386 1576 426 1609 όν
434 1572 466 1603 ui
475 1571 615 1606 mouenti,
624 1569 805 1616 respondeat,
814 1579 885 1602 nam
893 1567 975 1602 uelut
977 1568 1070 1611 fortis
1086 1577 1193 1600 manus
1203 1565 1365 1613 longiorem
1374 1568 1489 1600 trutina
1489 1563 1613 1610 scapum
1622 1562 1737 1601 calcat,
1745 1561 1936 1607 fimilefiicit,
1948 1575 2021 1605 onus

284 1631 304 1652 a
315 1621 421 1653 minori
423 1619 514 1666 fitapo
526 1641 536 1656 ,
552 1619 631 1665 quod
633 1618 662 1662 fi
670 1616 781 1663 lingula
796 1615 845 1650 uel
855 1628 982 1651 examen
991 1618 1020 1649 in
1027 1617 1143 1651 trutina
1151 1624 1329 1654 mutaretur,
1338 1627 1378 1649 ex
1387 1626 1422 1648 ea
1429 1613 1532 1661 plures
1540 1611 1638 1646 libras
1647 1611 1824 1657 efficeremus
1835 1633 1846 1649 ‚
1855 1618 1897 1652 ύ-
1905 1611 2020 1646 multa-

284 1679 351 1701 rum
360 1666 504 1702 librarum
513 1666 578 1702 loco
588 1669 702 1701 trutina
720 1675 872 1700 uteremur
877 1673 1049 1712 permutata
1055 1662 1181 1709 lingula,
1192 1669 1232 1704 (φ
1241 1664 1299 1699 huc
1309 1687 1318 1702 ,
1328 1663 1376 1698 uel
1384 1664 1452 1697 illuc
1461 1660 1609 1696 translata
1619 1685 1627 1694 .
1654 1663 1775 1704 ‚Qianto
1792 1661 1884 1705 igitm
1907 1659 2020 1706 lingula

285 1716 363 1750 lanci
372 1718 564 1764 propinquior
573 1713 610 1757 est
621 1719 640 1761 (
640 1714 716 1750 lanx
725 1716 799 1749 enim
811 1712 948 1749 catenula
957 1712 995 1756 esi
1011 1715 1060 1747 cui
1064 1712 1178 1760 pondus
1191 1713 1368 1760 appenditur
1375 1712 1414 1755 ,')
1425 1718 1510 1745 tanto
1527 1708 1631 1743 melius
1648 1711 1677 1742 in
1694 1709 1779 1743 lance
1796 1708 1926 1755 pofitum
1946 1720 2020 1743 onus

276 1764 465 1809 ficbleuatnr:
475 1767 614 1812 quoniam
623 1763 778 1812 linea,quae
785 1764 830 1798 esi
838 1761 955 1805 abanJa
962 1763 1002 1797 ad
1008 1761 1220 1808 aequipondium
1235 1763 1331 1795 maior
1341 1759 1390 1803 esi.
1403 1765 1478 1794 Ecce
1489 1760 1579 1804 igitur
1586 1756 1676 1804 qudm
1686 1757 1764 1792 reete
1777 1755 2016 1805 libra,trutinaq,·

282 1815 323 1848 ad
329 1816 474 1848 rationem
485 1813 590 1848 circuli
605 1813 786 1857 referantur,
795 1812 889 1846 uellis
897 1823 1013 1859 quoque
1025 1823 1059 1845 eo
1067 1810 1172 1847 tendit,
1181 1811 1319 1857 quoniam
1329 1809 1420 1844 ueb't'is
1430 1809 1474 1841 est
1483 1816 1629 1854 tanquam
1641 1804 1722 1840 libra
1731 1805 1956 1853 scapus‚preffio
1964 1819 2018 1840 ue-

275 1870 317 1897 ro·
325 1872 470 1910 tanquam
477 1872 625 1903 centrum‚·
644 1873 717 1896 onus
733 1863 787 1900 rei,
798 1872 859 1909 qua
867 1869 1014 1897 mouetur,
1024 1861 1173 1894 rationem
1190 1858 1283 1893 habet
1293 1881 1303 1896 ,
1312 1857 1457 1893 calcantis
1471 1867 1575 1889 manus
1590 1857 1636 1888 uis
1652 1855 1698 1889 eft
1713 1865 1775 1902 quae
1792 1864 1892 1889 mouet
1900 1877 1910 1892 ‚
1921 1854 2016 1903 quoq;

276 1913 378 1957 -magis
386 1912 478 1945 dis‘iat
487 1911 580 1945 uet‘tis
588 1919 754 1945 extremum
763 1923 782 1945 a
790 1919 893 1945 centro
901 1910 950 1943 cui
957 1910 1102 1946 innititur,
1108 1917 1194 1944 tanto
1203 1906 1329 1952 fficilius
1337 1906 1374 1941 ob
1381 1906 1539 1953 pradiflaa
1557 1905 1688 1939 rationes
1697 1912 1834 1938 mouetur
1848 1915 1932 1938 onus.
1945 1902 2015 1938 hinc

280 1958 333 2002 esi,
346 1959 455 2005 quodsi
465 1958 622 2005 oblongum
630 1959 742 2005 lignum
751 1958 875 2003 genibus
891 1957 1032 2004 applices,
1043 1962 1229 1996 &extrema
1247 1958 1308 1990 eius
1324 1953 1461 1990 manibus
1477 1955 1609 1988 adducas
1618 1951 1757 1995 ‚facilius
1772 1952 1926 1998 frangetur
1937 1973 1948 1989 ,
1957 1963 2025 1999 quo·

276 2008 399 2053 longius
407 2021 427 2042 a
435 2010 528 2043 medio
537 2019 641 2042 manus
649 2010 778 2042 tenueris
788 2032 797 2041 .
801 2006 907 2051 similis
916 2008 994 2040 ratio
1003 2004 1092 2049 efhfi
1097 2007 1170 2053 pede
1178 2004 1249 2051 ligni
1257 2013 1349 2052 caput
1358 2015 1446 2038 unum
1452 2013 1603 2050 premeres
1612 2023 1622 2038 ,
1632 2007 1672 2040 &⁸
1680 2000 1806 2034 alterum
1823 1999 1960 2034 manibus
1968 2007 2016 2033 te-

283 2069 379 2092 neres.
405 2055 516 2101 Itemfi
523 2068 631 2091 cuneus
639 2056 719 2103 ligno
729 2057 869 2102 adigatur
871 2053 982 2097 securis
991 2053 1107 2093 ictibus,
1119 2053 1214 2098 facile
1220 2054 1419 2101 proscinderes
1427 2051 1538 2097 lignum
1547 2072 1557 2088 ,
1566 2061 1674 2084 cuneus
1696 2050 1770 2083 enim
1780 2049 1852 2082 duos
1860 2046 1958 2082 uec'ies
1967 2060 2016 2082 re·

276 2107 357 2151 fert,
380 2107 506 2153 quorum
514 2104 593 2139 alter
597 2105 700 2153 supra,
708 2105 787 2140 alter
796 2102 915 2147 infrafit
921 2102 1044 2150 positus,
1052 2112 1159 2150 partes
1175 2114 1246 2137 uero
1264 2101 1336 2148 ligni
1353 2101 1438 2136 tacta
1444 2111 1498 2147 pro
1509 2100 1620 2134 centris
1628 2097 1781 2132 habentur
1791 2119 1802 2134 ‚
1814 2102 1855 2136 ά*
1871 2097 2014 2144 hypomo-

279 2154 382 2199 chlijs.
390 2156 435 2188 uis
439 2156 608 2201 percutiens
621 2156 734 2189 motrix
743 2155 789 2189 eft
799 2178 808 2187 .
815 2162 887 2201 pars
895 2151 1043 2200 ligni‚quae
1054 2164 1073 2185 a
1083 2153 1168 2187 cunei
1184 2153 1269 2199 apice
1278 2149 1426 2192 eJl,oneris
1434 2150 1589 2184 vrationem
1600 2146 1692 2181 habet
1702 2170 1711 2179 .
1743 2146 1886 2191 forcipes
1893 2156 2013 2192 quoque

274 2205 334 2250 qui
342 2201 455 2237 habent
462 2202 608 2248 longiores
614 2202 698 2245 ansts
709 2201 835 2246 facilius
843 2202 984 2238 incidunt,
993 2209 1046 2234 aut
1049 2201 1193 2246 frangunt
1203 2211 1251 2234 res
1259 2201 1348 2234 duras
1363 2197 1401 2232 ob
1419 2198 1512 2233 ditias
1520 2198 1661 2234 rationes,
1666 2194 1749 2240 scapi
1759 2195 1834 2228 enim
1846 2194 1916 2237 fiant
1937 2203 2016 2228 tan-

281 2262 377 2299 quam
386 2252 494 2288 nectes,
505 2253 568 2285 ideo
581 2263 646 2285 cum
663 2251 807 2297 longiores
809 2249 879 2293 sunt
880 2248 1004 2294 fizcilins
1011 2259 1114 2295 agunt.
1125 2250 1259 2294 Denique
1267 2249 1359 2281 omnis
1376 2246 1490 2294 quaeslio
1498 2247 1538 2281 ad
1546 2244 1795 2279 machinationem
1809 2245 1958 2289 pertinens
1975 2243 2015 2277 ad

274 2302 340 2337 vhas
348 2301 478 2334 rationes
486 2300 920 2347 transfertur,quemadmodum
928 2298 1123 2342 consideranti
1139 2295 1175 2339 esi
1182 2295 1372 2341 manifestum.
1382 2296 1452 2331 Ideo
1468 2307 1536 2330 cum
1548 2293 1623 2337 satis
1637 2293 1810 2326 ratiocinati
1827 2303 1862 2326 ea
1872 2293 1907 2326 de
1927 2303 1959 2325 re
1969 2290 2015 2335 fi·

280 2361 360 2387 mus,
369 2351 542 2384 Vitruuium
554 2348 721 2395 sequemur,
732 2350 785 2396 qui
793 2359 860 2382 cum
869 2346 1023 2389 ostenderit
1043 2348 1073 2380 in
1081 2346 1157 2380 uet‘ii
1176 2344 1230 2389 effi·
1238 2344 1406 2393 porrel't'am
1413 2346 1583 2382 motionem,
1592 2347 1634 2381 ία-
1644 2341 1782 2388 effeblum
1791 2342 1852 2374 eius
1869 2339 2015 2375 declara*

283 2400 372 2435 uerit,
380 2399 420 2431 ad
428 2399 490 2431 eius
497 2399 541 2431 rei
548 2399 692 2431 rationem
706 2396 912 2444 explicandam
919 2397 1119 2442 progreditur.
2006 2426 2009 2427 γ

333 2449 379 2481 Ιι)
411 2456 517 2480 autem
531 2445 568 2479 fit
578 2445 668 2492 quod
680 2445 809 2480 breuior
818 2446 906 2490 prior
917 2456 986 2490 pars
997 2442 1152 2484 ueffis‚ab
1163 2455 1198 2477 ea
1208 2442 1369 2491 pressione
1378 2465 1388 2482 ,
1398 2439 1487 2488 quod
1506 2437 1551 2474 est
1568 2451 1714 2473 centrum
1724 2461 1734 2476 ‚
1747 2437 1829 2473 subit
1845 2436 1900 2472 sub
1917 2449 2014 2477 onus,

277 2500 315 2530 ὰ
326 2495 416 2542 quod
431 2496 560 2542 longius
569 2494 608 2528 ab
619 2506 658 2527 eo
668 2505 782 2529 centro
792 2491 909 2527 distans
920 2504 1013 2538 caput
1034 2492 1112 2530 eius,
1122 2503 1179 2537 per
1196 2492 1228 2525 id
1246 2504 1320 2526 cum
1337 2491 1485 2528 ducitur,
1497 2487 1649 2523 faciundo
1667 2497 1778 2522 motus
1794 2486 2014 2522 circinationis

282 2545 374 2590 cogit
389 2542 605 2589 pressionibus
616 2544 792 2577 examinare
803 2541 910 2587 paucis
929 2540 1077 2574 manibus
1086 2540 1193 2575 oneris
1204 2540 1332 2574 maximi
1345 2539 1471 2586 pondus
1480 2562 1491 2572 .

331 2593 479 2628 ‘Porrefia
488 2595 580 2627 motio
587 2593 699 2637 indiget
708 2590 859 2628 circulari,
869 2589 925 2624 boc
930 2591 1062 2637 primum
1077 2590 1106 2622 in
1114 2589 1197 2623 uet‘te
1207 2587 1375 2631 ostenditur,
1384 2599 1453 2622 nam
1469 2587 1561 2621 uet't'is
1564 2595 1669 2634 partes
1675 2584 1715 2620 ab
1724 2583 1931 2634 hypomochlio
1939 2582 2014 2629 defi-

279 2651 379 2688 gnant
389 2640 632 2676 extremitatibus
642 2640 782 2678 circulos,
793 2639 1037 2687 quemadmodum
1043 2636 1125 2672 libra
1129 2636 1212 2685 scapi
1220 2637 1361 2680 ucrfizndo
1369 2636 1502 2680 fficium.
2004 2665 2010 2670 ,

273 2717 278 2720 .
332 2696 414 2724 liem
424 2689 445 2724 si
455 2688 509 2724 sub
520 2701 602 2723 onus
613 2689 712 2724 uenis
722 2687 814 2722 ferrei
826 2687 947 2734 lingula
964 2684 1099 2720 subieeta
1110 2684 1205 2720 fuerit
1214 2708 1225 2724 ,
1235 2698 1338 2732 neque
1348 2696 1444 2732 caput
1460 2685 1528 2720 eius
1538 2681 1696 2731 pressione
1706 2682 1738 2717 in
1755 2682 1857 2717 imum
1868 2705 1878 2721 ,
1889 2679 1939 2717 sed
1956 2681 2012 2716 ad·

280 2737 388 2773 uersus
398 2739 430 2772 in
440 2738 641 2772 altitudinem
653 2738 825 2771 extolletur
834 2736 955 2783 lingula
965 2734 1064 2768 suffia
1075 2735 1107 2769 in
1118 2746 1195 2769 areae
1206 2730 1275 2768 solo
1287 2734 1417 2768 habebit
1438 2746 1506 2767 eam
1525 2744 1584 2780 pro
1595 2743 1705 2765 onere.
1720 2732 1827 2765 oneris
1837 2742 1945 2765 autem
1962 2731 2010 2777 ip-

279 2786 340 2821 fius
358 2788 512 2834 angulum
525 2799 585 2834 pro
595 2785 765 2833 pressione.-
775 2786 819 2820 ita
828 2797 896 2820 non
906 2796 971 2819 tam
981 2781 1128 2823 faciliter,
1139 2783 1236 2829 quam
1248 2795 1304 2830 per
1314 2780 1524 2830 pressionem,
1539 2779 1591 2814 sed
1601 2777 1748 2815 aduersus
1756 2779 1967 2815 nihilominus
1976 2781 2012 2825 in

274 2835 410 2883 pondus
420 2836 526 2869 oneris
535 2836 594 2869 erit
602 2836 785 2869 excitatum.

272 2913 281 2921 μ
327 2883 503 2929 Non-fidum
510 2883 644 2919 ueciibus
651 2886 761 2918 utimur
767 2884 808 2917 ad
815 2882 1015 2918 extollendum
1024 2892 1097 2916 onus
1111 2880 1255 2917 calcando
1271 2891 1373 2915 eorum
1381 2887 1520 2913 extrema
1535 2876 1678 2926 preffione
1691 2876 1838 2923 subiefia,
1850 2881 1869 2924 (
1879 2877 2010 2925 utsupra

280 2933 393 2968 dit‘ium
401 2930 508 2975 ellffitd
514 2934 603 2968 etiam
611 2941 645 2966 ut
655 2932 842 2979 impellamus
851 2943 940 2969 omos,
951 2936 1070 2970 &tunc
1077 2929 1233 2976 lingulam,
1244 2940 1335 2978 quam
1348 2928 1524 2962 manuellam
1539 2938 1686 2962 uocamus·
1697 2949 1707 2964 ,
1727 2930 1805 2974 quod
1819 2928 1866 2961 esi
1881 2926 2010 2961 alterum

274 2983 387 3025 ferrati
394 2981 487 3014 uetus
496 2989 545 3014 exi
549 2993 673 3018 remum,
677 2979 733 3023 jub
744 2991 830 3014 onere
841 2981 882 3014 ad
889 2989 1000 3014 terram
1006 2981 1181 3026 premimus,
1190 2984 1232 3019 φ·
1239 2976 1369 3012 alterum
1376 2985 1467 3023 caput
1474 2975 1587 3010 anobis
1593 2976 1781 3023 propellimus
1790 2999 1801 3014 ,
1810 2977 1854 3009 ita
1869 2985 1903 3010 ut
1915 2975 2010 3008 oneris

273 3029 418 3077 punflum
426 3031 455 3062 in
463 3041 521 3076 quo
530 3031 634 3063 nititur
643 3030 746 3066 uectis,
756 3027 793 3070 est
800 3037 945 3076 tanquam
950 3026 1121 3076 preffio‚]eu
1128 3025 1372 3075 hypomochlium
1381 3047 1391 3063 ,
1400 3034 1484 3059 terra
1494 3037 1566 3059 uero
1576 3023 1614 3065 ell
1622 3023 1718 3058 ueluti
1734 3035 1810 3058 onus
1818 3045 1829 3061 ,
1839 3031 2010 3071 quanquam

264 3090 354 3114 «uero
364 3078 422 3117 hoc
432 3079 518 3114 modo
535 3089 613 3114 omia
620 3078 778 3129 impellitur
786 3099 798 3121 ,
810 3086 974 3128 nontamen
981 3075 1145 3125 tamfficile
1156 3085 1297 3126 mouetur
1307 3096 1319 3115 ,
1327 3082 1361 3113 ut
1373 3075 1471 3124 priori
1480 3075 1570 3121 'modo
1579 3095 1590 3113 ‚
1598 3084 1666 3110 curn
1681 3081 1773 3121 caput
1789 3072 2011 3120 uel'iistpremi-

1949 3127 2011 3157 tur,

2059 618 2103 643 120

2054 1099 2100 1123 20

2045 1595 2095 1638 39

2043 2104 2088 2141 40

2040 2593 2084 2631 50

2036 3078 2084 3111 60
