2241 3318
113 551 156 575 10

113 1056 158 1080 20

115 2034 162 2075 ,4⁰

123 2520 166 2557 50

763 60 1268 107 QVARTVS.
1860 72 1925 109 147

185 150 222 180 ku
230 141 373 191 tympanis
381 161 390 177 ‚
401 130 606 184 uriofhperiori
613 151 624 174 3
632 135 729 171 altero
737 135 870 178 inferiori
879 155 889 172 ‚
899 138 1044 181 ornaturq
1046 148 1057 173 ,·
1061 131 1191 179 simplici
1197 133 1293 169 modo,
1308 139 1342 166 ut
1350 134 1492 166 Doricum
1496 143 1594 178 genus
1601 132 1737 180 postulat
1746 134 1867 179 regulis,
1882 141 1924 174 (11)-

186 192 311 228 coronis'.
324 190 380 222 Sed
389 185 439 220 ubi
447 192 477 221 V
478 187 604 220 itr.dicit
613 210 622 219 .
642 183 877 230 {Scapi‚quifitnt
885 181 1116 224 antefecundum
1123 183 1344 227 pigmentum}
1355 187 1371 214 Ι
1372 189 1404 214 ta
1413 182 1628 227 intelligendum
1635 191 1719 229 puto,
1731 184 1809 228 quod
1813 181 1925 225 secun-

187 234 492 286 dumpagmentumsit
498 234 727 268 loculamentum
736 254 747 269 ,
756 233 835 278 quod
842 243 894 265 nos
903 230 1031 265 telarum
1039 231 1165 264 dicimus
1174 239 1308 275 exparte
1317 232 1450 263 interiori
1452 231 1565 272 forium
1575 253 1584 267 ,
1598 230 1654 265 boc
1663 233 1708 266 ert
1719 230 1841 274 aduerfiz
1848 240 1924 277 par-

186 299 226 326 τεὴ
236 287 312 335 quod
321 283 534 319 circumcludat
542 303 552 320 ‚
563 289 604 322 (φ
612 281 895 328 respoudeatspatun
905 279 1038 326 qutefiint
1048 280 1125 312 inter
1134 288 1275 325 tympana
1286 290 1326 312 cx
1333 278 1394 312 alia
1399 287 1501 325 parte.
1515 279 1641 326 Replum
1651 289 1751 314 autem
1761 278 1797 322 eft
1810 283 1922 326 tanqu}

182 336 307 385 planum
315 336 392 367 inter
402 333 458 367 duo
467 334 597 379 cymatia
607 347 618 368 5
627 339 666 364 vt
670 329 770 375 figura
780 330 907 363 ostendit
918 348 927 362 t

186 396 188 398 ·
204 402 206 405 -
234 384 271 416 δι
283 396 305 417 Ν
340 392 447 416 autem
458 381 590 413 valuatae
601 389 693 413 erunt
704 402 713 411 .
764 377 937 418 Huiusmodi
941 378 1026 420 fores
1035 377 1151 410 lonicas
1161 374 1216 419 effe
1224 373 1368 412 arbitror,
1380 387 1440 422 qux
1449 388 1488 410 ex
1497 376 1598 410 multis
1607 377 1691 419 fiilio
1692 377 1765 420 siant
1769 376 1923 425 partibus,

183 438 226 472 (qv
237 427 561 478 conduplicabilessunt
570 453 579 461 .
589 427 630 462 hx
638 428 777 475 quoniam
786 425 908 459 latiores
909 425 980 468 sunt
989 427 1108 459 Doricis
1117 447 1126 462 ,
1136 426 1199 458 ideo
1208 437 1227 457 a
1244 426 1492 470 Vitr.praec1pittti·
1502 426 1531 458 id
1539 447 1549 462 ‚
1560 427 1637 471 quod
1646 428 1717 460 dicit
1727 431 1738 470 {
1750 429 1778 460 in
1789 426 1926 461 latitudi-

182 493 249 515 nem
262 481 438 527 adijciatur,
453 476 581 523 amplius
583 478 662 520 foris
669 474 814 515 latitudo}
833 481 873 513 (y-
884 476 1022 521 quoniam
1038 474 1224 520 quadrifores
1231 472 1330 506 adhuc
1350 472 1474 506 altiores
1475 474 1582 519 scapos
1603 473 1715 508 habere
1732 474 1848 512 debent&
1860 477 1925 509 ideo

182 531 254 564 dicit
264 555 273 563 .
306 530 359 572 {Si
367 526 547 575 quadriforis
557 525 667 568 futura
684 524 730 558 est
739 546 749 561 ‚
758 522 886 557 altitudo
898 524 1081 568 aduciatur}
1116 523 1201 556 credo
1221 522 1297 555 enim
1306 521 1397 568 ipsum
1413 521 1496 568 loqui
1510 521 1653 568 descapis
1661 543 1671 559 ,
1683 530 1723 562 (J
1733 535 1788 556 non
1797 525 1831 557 de
1842 525 1926 557 inte-

178 581 243 625 gris
244 577 375 622 foribus.

232 631 485 661 ATT1CVRGES
511 632 618 657 autern
629 620 740 667 ijsdem
753 614 932 656 rationibus
942 619 1151 666 perficiuntur
1161 643 1171 658 ,
1185 618 1303 665 quibus
1327 619 1449 653 Dorica
1463 632 1470 653 :
1482 628 1629 665 praeterea
1640 618 1737 654 corsae
1752 620 1807 655 sub
1818 634 1924 667 cyma-

182 671 235 722 tijs
246 677 278 710 in
287 672 541 721 antepagmentis
552 671 777 705 circundantur
786 694 795 709 ,
806 681 874 716 qua:
886 670 927 703 ita
937 667 1082 703 distribui
1101 668 1218 702 debent
1228 688 1238 705 ,
1250 667 1295 700 uti
1307 668 1339 701 in
1349 669 1603 715 antepagmentis
1613 679 1727 713 praetcr
1737 670 1925 716 cymatium,

183 738 219 759 ex
231 723 372 770 partibus
382 720 500 767 septem
510 719 650 756 habeant
662 719 738 753 duas
748 729 852 766 partes
861 739 870 754 ‚
880 716 977 764 ipsac‘fi
987 715 1106 751 forium
1118 727 1304 750 ornamenta
1315 727 1382 750 non
1396 715 1478 750 fiunt
1489 715 1658 749 cerostrata
1670 739 1680 754 ,
1694 728 1799 764 neque
1808 717 1926 759 bifora;

184 773 235 808 sed
247 774 381 810 minata,
392 774 421 804 &
432 780 590 816 aperturas
601 767 718 803 habent
727 769 758 801 in
772 778 873 812 partes
883 767 1053 800 exteriores
1064 790 1072 800 .
1084 765 1176 812 Qus
1189 765 1326 799 rationes
1336 765 1452 799 aedium
1465 764 1617 799 sacrarum
1630 766 1663 799 in
1673 763 1927 800 formationibus

184 831 335 868 oporteat
345 819 412 854 fieti
424 818 555 851 Doricis
565 840 575 855 ,
588 818 706 851 Ionicis
718 840 728 855 ‚
741 815 955 862 CorinthiJ'sc'1;
966 814 1117 860 operibus
1128 837 1138 852 ,
1150 827 1216 860 quo
1226 812 1264 846 ad
1276 814 1373 859 potui
1383 814 1540 861 attingere
1554 838 1563 853 ,
1572 814 1675 848 veluti
1685 815 1840 861 legitimis
1851 827 1928 849 mo-

184 872 270 905 ribus
280 891 291 908 ‚
301 866 449 915 exposui.
484 868 584 901 Nunc
597 867 637 900 de
649 864 804 900 Tuscanis
817 863 1077 909 dispositionibus
1090 885 1100 901 ‚
1113 862 1390 909 quemadmodum
1401 862 1521 896 institui
1532 874 1700 910 oporteat,
1710 858 1825 900 dicam.

234 917 340 954 Habeo
347 919 462 952 codices
470 918 606 962 antiquos
615 938 624 952 ,
634 916 663 948 in
670 912 781 961 quibus
789 924 845 947 non
854 911 1081 955 cerostrata‚sed
1087 911 1221 946 clatrata
1230 906 1340 957 legitur
1350 936 1358 944 .
1386 910 1490 946 clatra
1499 913 1544 946 eri
1553 921 1630 955 opus
1638 936 1648 951 ,
1661 914 1741 959 quod
1750 912 1927 959 nostrigelo-

177 968 256 1013 fiam
264 975 384 1004 uocant,
395 977 434 999 ex
437 964 525 1008 seo‘t'is
532 963 631 1010 planis
639 963 785 1008 lignorum
794 962 984 996 cancellatim
991 958 1509 1008 pofitis,quadrangularibuzsspatiq's
1517 960 1641 998 redistis,
1648 970 1704 1007 per
1712 973 1773 1008 quae
1782 963 1927 1009 introspici

182 1014 276 1064 potest
287 1040 296 1049 .
313 1013 474 1057 huiusmodi
478 1014 564 1057 fores
574 1014 670 1046 atticae
682 1010 718 1045 ob
736 1011 921 1045 latitudinem
930 1021 986 1043 non
992 1011 1150 1055 patiuntur
1162 1020 1202 1042 ex
1209 1010 1321 1053 integro
1330 1020 1386 1042 uno
1394 1008 1472 1053 ligno
1477 1008 1546 1049 fieri
1552 1031 1562 1046 ‚
1565 1010 1618 1052 sed
1628 1019 1744 1055 oportet
1754 1031 1764 1047 ,
1774 1008 1808 1044 u't
1817 1013 1928 1045 condu-

181 1062 407 1112 plicabilesfint
417 1081 427 1100 a
441 1068 481 1102 θ
492 1059 686 1096 circumuolui
695 1062 796 1097 etiam,
806 1065 846 1098 (9⁴
856 1061 884 1092 in
892 1067 1011 1106 partem
1020 1060 1199 1092 exteriorem
1207 1058 1319 1104 aperiri
1327 1081 1337 1091 .
1374 1059 1480 1094 Attici
1495 1066 1594 1092 autem
1604 1057 1689 1104 ostis,
1698 1060 1927 1107 ,Atcicaequefo-

183 1115 224 1148 ris
231 1112 383 1159 descriptio
389 1110 486 1159 pofita
502 1109 550 1152 esi.

263 1215 349 1266 De
362 1210 632 1286 ‘Tuscanicis
643 1207 895 1263 rationibus
905 1207 1065 1262 adium
1069 1210 1347 1283 sacrarum
1360 1250 1370 1260 .
1542 1208 1651 1281 Cap.
1705 1207 1751 1261 V
1762 1210 1849 1261 II.

185 1630 279 1668 tium,
289 1628 380 1675 quod
391 1627 450 1661 erit
458 1638 530 1660 ante
540 1628 632 1661 cellas
642 1628 673 1661 in
683 1640 810 1674 pronao
821 1629 864 1663 ita
874 1628 1034 1663 columnis
1044 1627 1225 1675 designetur
1236 1652 1244 1664 ‚
1257 1638 1292 1659 ut
1305 1626 1472 1672 angulares
1485 1634 1596 1655 contra
1606 1632 1693 1655 antas
1705 1621 1861 1666 parietum
1872 1632 1930 1652 ex-

184 1684 365 1711 'tremorum
375 1689 390 1709 e
401 1676 533 1722 regione
545 1677 750 1710 collocentur
759 1702 769 1711 .
790 1679 873 1712 Duae
884 1677 995 1711 rnediae
1005 1689 1022 1709 e
1034 1677 1166 1723 regione
1182 1676 1349 1722 parietum,
1361 1673 1413 1720 qui
1424 1673 1506 1705 inter
1515 1682 1602 1704 antas
1614 1692 1624 1708 ‚
1639 1674 1669 1704 &
1682 1668 1818 1703 mediam
1828 1667 1930 1702 aedem

186 1724 317 1764 fuerint,
328 1726 371 1759 ita
381 1723 620 1763 distribuantur,
630 1735 664 1757 ut
674 1725 757 1758 inter
765 1737 866 1764 antas,
877 1730 909 1759 &
919 1726 1085 1758 columnas
1096 1725 1216 1770 priores
1227 1735 1282 1770 per
1293 1723 1434 1756 medium
1444 1719 1557 1764 ijsdem
1566 1718 1753 1764 regionibus
1764 1718 1867 1750 alterae
1880 1716 1930 1749 di-

186 1772 452 1820 sponantur‚eae('1;
461 1772 520 1806 {int
529 1773 591 1805 ima
602 1771 804 1806 crassitudine
814 1773 989 1806 altitudinis
1001 1784 1087 1818 parte
1096 1771 1238 1818 septima.
1251 1771 1403 1805 Altitudo
1415 1770 1506 1802 tertia
1517 1778 1603 1814 parte
1614 1767 1790 1801 latitudinis
1802 1765 1928 1810 templi,

186 1821 344 1868 summat'p
355 1823 503 1855 columna
517 1831 626 1867 quarta
637 1832 723 1865 parte
741 1819 953 1854 crassitudinis
963 1820 1034 1853 imae
1044 1820 1267 1854 contrahatur.
1281 1820 1377 1866 Spirae
1388 1830 1459 1851 earu
1466 1830 1495 1850 m
1506 1818 1573 1850 altae
1584 1815 1713 1850 dimidia
1726 1826 1814 1861 parte
1825 1812 1932 1847 crassi-

187 1870 306 1904 tudinis
316 1869 393 1903 fiant
405 1894 413 1903 .
423 1869 572 1904 Habeant
583 1868 668 1914 spirae
679 1881 785 1902 earum
796 1870 959 1916 plinthum
968 1869 1008 1903 ad
1019 1870 1172 1902 circinum
1184 1869 1283 1902 altum
1295 1868 1353 1903 suae
1366 1865 1578 1900 crassitudinis
1589 1864 1719 1899 dimidia
1730 1874 1819 1909 parte
1830 1888 1838 1896 .
1853 1862 1931 1895 To-

188 1931 258 1952 rum
268 1917 392 1964 insuper
402 1931 474 1953 cum
486 1917 646 1964 a'pOphygi
658 1916 800 1955 craffium,
817 1924 970 1963 quantum
984 1917 1124 1961 plinthus
1136 1943 1143 1950 .
1157 1918 1298 1962 Capituli
1310 1915 1448 1950 altitudo
1460 1913 1591 1948 dimidia
1605 1911 1827 1946 crassitudinis.
1842 1911 1931 1945 Aba·

189 1968 217 2002 ci
227 1967 364 2001 latitudo
376 1977 495 2013 quanta
505 1967 567 1999 ima
578 1964 753 1999 crassitudo
764 1967 923 2000 columnae
935 1991 944 2000 .
963 1965 1139 2012 Capitulic'1;
1157 1963 1509 2010 crassitudossdiuidatur
1519 1964 1553 1996 iu
1570 1972 1672 2007 partes
1690 1972 1755 1994 tres
1765 1984 1773 1997 ,
1785 1972 1802 1992 e
1813 1960 1931 2006 quibus

188 2029 250 2050 una
261 2014 403 2061 plintho,
418 2027 480 2061 que
491 2014 533 2048 est
544 2026 604 2060 pro
615 2013 727 2052 abaco,
740 2014 843 2049 detur.
858 2015 953 2048 altera
964 2015 1081 2048 echino
1091 2039 1100 2048 .
1112 2015 1203 2047 tertia
1213 2013 1457 2060 hypotrachelio
1470 2024 1544 2045 cum
1553 2009 1727 2056 astragalo‚
1745 2012 1774 2043 ὃ(
1787 2008 1932 2054 apophy-

141 2074 155 2087 <·
188 2066 233 2112 gi.
244 2066 342 2110 Supra
352 2065 518 2097 columnas
530 2062 634 2097 trabes
643 2063 849 2109 compactiles
861 2064 1069 2109 imponantur
1078 2085 1088 2100 ‚
1098 2063 1144 2096 uti
1154 2061 1214 2096 sint
1223 2062 1401 2096 altitudinis
1414 2060 1557 2094 modulis
1569 2059 1605 2103 ijs
1616 2082 1625 2096 ‚
1640 2057 1722 2104 quia
1733 2057 1932 2104 magnitudi-

189 2125 229 2147 ne
238 2114 342 2160 operis
351 2111 612 2160 postulabuntur.
626 2111 716 2158 15aess
726 2112 831 2146 trabes
841 2111 1048 2157 compactiles
1059 2122 1236 2158 ponuntur,
1246 2121 1282 2144 ut
1291 2121 1411 2144 tantam
1421 2108 1555 2142 habeant
1565 2103 1818 2144 crassitudinem,
1829 2117 1932 2151 quan-

189 2172 220 2196 ta
230 2160 350 2206 summe
360 2161 512 2206 columne
522 2160 582 2193 erit
591 2160 865 2206 hypotrachelium
874 2176 888 2202 ·;
898 2164 930 2194 δι
940 2161 983 2194 ita
993 2159 1052 2194 fint
1062 2160 1232 2206 compaflng
1246 2157 1451 2192 subscudibus
1463 2178 1473 2195 ‚
1482 2160 1512 2191 ὅ(
1523 2154 1684 2193 securidis,
1698 2166 1733 2188 ut
1744 2154 1931 2200 compaetu-

190 2222 223 2244 ra
233 2209 371 2243 duorum
380 2209 560 2256 digitorum
572 2208 685 2242 habeat
696 2209 888 2243 laxationem
900 2235 908 2243 .
920 2222 995 2243 cum
1005 2210 1090 2242 enim
1100 2210 1183 2242 inter
1194 2207 1221 2242 se
1231 2218 1369 2254 tangunt
1379 2232 1388 2245 ‚
1401 2211 1432 2240 δε
1444 2218 1511 2239 non
1522 2203 1746 2251 spiramentum
1757 2226 1767 2241 ,
1777 2204 1807 2237 δε
1819 2201 1932 2249 perfla-

191 2269 262 2292 tum
274 2258 360 2291 uenti
371 2259 529 2304 recipiunt
539 2280 548 2296 ‚
559 2256 855 2291 concalefaciuntur
865 2283 875 2298 ‚
886 2261 918 2292 δε
929 2257 1072 2291 celeriter
1082 2255 1266 2306 putrescunt
1276 2282 1285 2290 .
1300 2258 1399 2302 Supra
1408 2254 1512 2289 trabes
1522 2278 1531 2293 ,
1541 2256 1572 2287 &
1591 2251 1678 2298 supra
1694 2253 1827 2296 parietes
1838 2252 1932 2284 traie-

191 2307 282 2352 ἃιιτς
293 2307 494 2340 mutulorum
503 2317 592 2352 parte
602 2317 714 2353 quarta
723 2307 898 2341 altitudinis
908 2306 1067 2340 columnae
1078 2331 1088 2345 ,
1100 2306 1311 2351 proijciantur
1321 2329 1330 2339 .
1350 2307 1431 2338 Item
1441 2305 1473 2337 in
1483 2314 1596 2336 eorum
1606 2299 1768 2342 frontibus
1779 2311 1933 2345 antepag-

192 2366 300 2389 menta
309 2353 448 2401 figantur
456 2379 468 2394 ‚
477 2354 601 2401 stiprac'l;
611 2367 645 2388 ea
656 2366 844 2401 tympanum
862 2353 992 2402 fastigijs
1001 2355 1140 2389 extrusta
1151 2378 1160 2393 ,
1169 2353 1218 2388 seu
1237 2354 1365 2387 materia
1381 2353 1562 2386 collocetur
1572 2374 1581 2389 ‚
1591 2348 1712 2398 lupraq3
1723 2349 1756 2383 id
1768 2347 1932 2394 fastigium

191 2405 344 2438 columen
355 2425 365 2441 ,
375 2403 524 2447 cantherij
535 2427 545 2441 ,
555 2404 676 2451 templa
698 2404 740 2437 ita
754 2405 824 2437 sunt
835 2403 1022 2438 collocanda
1031 2428 1041 2442 ,
1054 2415 1088 2437 ut
1099 2403 1294 2437 stillicidium
1306 2401 1381 2435 teffi
1391 2399 1525 2435 absoluti
1536 2398 1680 2433 tertiario
1700 2396 1885 2444 respondeat
1895 2421 1905 2429 .

239 2459 286 2487 De
294 2452 463 2495 Tuscanicis
473 2450 610 2499 operibus
618 2475 628 2490 ‚
638 2453 783 2500 expeditis
790 2453 851 2486 iam
862 2448 966 2487 Graecis
975 2474 986 2490 ‚
995 2456 1140 2498 agendum
1150 2474 1159 2489 ,
1169 2451 1232 2499 idq,·
1242 2462 1298 2484 non
1317 2451 1462 2485 immerito
1473 2474 1482 2483 .
1497 2460 1565 2482 nam
1581 2448 1678 2494 prima
1705 2445 1931 2482 Architetlurae

192 2500 315 2548 hospitia
323 2503 352 2535 in
359 2502 479 2535 Etruria
482 2500 570 2544 fuere
578 2523 587 2532 .
597 2499 707 2547 legitur
716 2502 792 2535 enim
799 2503 920 2535 Etruria
931 2507 1046 2547 Regum
1054 2509 1241 2535 monumenta
1249 2518 1259 2537 ·,
1270 2505 1311 2539 (y-
1319 2498 1436 2540 aedificia
1443 2499 1531 2545 plura
1539 2494 1784 2540 magnificefuzffc
1793 2495 1930 2528 constru-

195 2551 244 2583 eta
255 2574 265 2584 .
290 2556 325 2586 In
333 2547 531 2591 distributione
539 2550 640 2590 aedium
649 2550 800 2593 Tuscanici
811 2551 930 2594 generis
938 2548 1150 2594 longitudinem
1167 2547 1269 2595 templi
1270 2547 1359 2591 fiimit
1365 2557 1421 2594 pro
1429 2545 1544 2580 modulo
1555 2567 1565 2582 ,
1575 2547 1676 2590 aitque
1696 2543 1881 2577 latitudinem
1895 2543 1933 2575 ad

193 2597 402 2643 longitudinem
407 2600 599 2646 proportione
602 2597 802 2646 sefiquiquinta
820 2596 949 2639 constare
959 2625 967 2632 .
979 2610 1048 2632 nam
1055 2598 1265 2643 longitudinem
1272 2599 1301 2630 in
1304 2596 1359 2639 sex
1366 2604 1468 2643 partes
1484 2592 1636 2628 distribuit
1647 2613 1655 2627 ,
1665 2604 1680 2625 e
1688 2590 1795 2639 quibus
1802 2593 1933 2638 quinque

195 2644 346 2679 latitudini
354 2648 463 2681 dantur
473 2671 483 2680 .
494 2648 558 2681 inde
567 2647 719 2692 longitudo
723 2645 752 2690 fi
760 2647 913 2680 dimidiata
915 2647 1010 2690 fuerit
1018 2649 1095 2682 dum·
1102 2646 1386 2692 efficietpartes‚una
1399 2641 1595 2688 defignczbitur
1605 2641 1690 2677 cellae,
1700 2639 1796 2673 altera
1802 2649 1931 2686 pronao,

195 2692 323 2728 latitudo
332 2705 402 2728 uero
410 2694 511 2743 templi
519 2698 618 2730 decem
625 2697 655 2729 in
661 2704 764 2742 partes
773 2692 960 2736 distribuetur
969 2718 978 2733 ,
988 2707 1003 2728 e
1013 2694 1119 2742 quibus
1129 2704 1191 2728 tres
1198 2707 1217 2728 a
1226 2695 1335 2728 dextra
1345 2716 1354 2730 ‚
1365 2701 1425 2726 tres
1435 2703 1504 2725 uero
1514 2687 1651 2733 afinistinz
1661 2687 1853 2729 distributioni
1861 2686 1915 2726 ‚cel
1922 2708 1932 2713 -

196 2741 295 2775 larum
310 2751 472 2789 paruarum
488 2743 692 2790 relinquantur
704 2768 713 2777 .
723 2744 799 2777 cellae
814 2752 868 2776 aut
877 2755 896 2775 a
904 2745 1002 2789 capite
1009 2766 1018 2781 ,
1030 2753 1083 2778 aut
1092 2742 1236 2777 lateribus
1246 2741 1300 2785 effi:
1308 2743 1425 2788 posi’unt
1435 2763 1444 2777 ,
1454 2740 1532 2787 quod
1547 2739 1641 2772 innuit
1654 2743 1684 2771 V
1685 2739 1736 2770 itr.
1747 2734 1933 2780 dicensffine

197 2788 250 2824 ubi
257 2790 491 2834 alaefiituraesiint
499 2814 509 2830 ‚
519 2791 657 2836 mfiforte
665 2793 810 2837 intelligat
817 2800 879 2825 tres
887 2793 1029 2838 utrinquae
1037 2792 1095 2826 alis
1104 2791 1312 2838 relinquendas·
1322 2789 1364 2833 ‚si
1372 2789 1462 2822 cellas
1472 2787 1649 2821 noluerimus
1663 2785 1764 2828 ficere
1775 2809 1783 2818 .
1810 2786 1866 2818 His
1875 2783 1934 2817 hoc

196 2839 283 2873 modo
290 2837 449 2880 distributis
457 2861 468 2878 ‚
478 2839 583 2882 reflant
590 2850 696 2888 partes
704 2849 835 2888 quatuor
844 2841 943 2873 mediae
952 2841 1005 2874 „edi
1011 2863 1021 2878 ,
1033 2841 1108 2874 unde
1125 2841 1251 2874 medium
1268 2839 1407 2872 extremis
1417 2838 1446 2869 in
1463 2836 1652 2884 proportione
1666 2833 1933 2880 eritjfifiyuitertia.

196 2896 289 2935 atque
297 2888 341 2921 ita
351 2889 407 2921 erit
415 2889 587 2922 interiorum
601 2891 734 2936 partium
742 2887 983 2935 dispositiomunc
990 2890 1072 2936 quod
1079 2890 1207 2935 pertinet
1215 2888 1254 2921 ad
1262 2885 1510 2921 columnationem
1518 2885 1696 2917 anteriorem
1706 2904 1715 2918 ‚
1726 2881 1935 2928 explicandum

197 2935 236 2978 eft
244 2961 253 2970 .
267 2937 327 2972 Ad
334 2937 445 2970 medios
451 2936 578 2982 angulos
583 2939 732 2984 pc‘zrietum
739 2939 804 2971 aedis
812 2959 822 2974 ,
832 2935 884 2970 ubi
892 2936 1040 2979 antaefimt
1048 2959 1058 2974 ‚
1070 2949 1085 2970 e
1094 2938 1211 2982 regione
1221 2932 1431 2976 columnaefimt
1436 2934 1572 2979 ponenda
1581 2954 1591 2969 ‚
1600 2930 1732 2979 quaesit-nt
1740 2932 1845 2965 termizz
1852 2931 1861 2962 i
1867 2928 1931 2962 lon-

190 2986 335 3031 gitudinis
343 2986 427 3025 aedisr;
437 2990 478 3024 &
493 2987 635 3031 ,quoniam
642 2984 682 3020 ab
690 2985 799 3033 angulo
814 2986 854 3019 ad
860 2983 1002 3030 angulum
1017 2985 1149 3032 amplum
1167 2985 1314 3019 intercidit
1322 2982 1525 3017 laxamentum
1534 3003 1543 3018 ,
1554 2979 1619 3014 latae
1635 2979 1783 3023 enimsimt
1791 2980 1862 3011 aedes
1870 2999 1879 3013 ,
1891 2981 1932 3014 cy·

123 3036 171 3083 κο
195 3031 351 3082 ανροβψίκ,
363 3036 382 3081 (
390 3042 424 3070 ut
432 3033 542 3072 ditium
549 3027 682 3082 estsupra
689 3035 709 3080 )
719 3037 782 3072 ideo
791 3035 868 3072 inter
875 3033 1033 3082 angulares
1041 3033 1199 3072 columnas
1206 3032 1269 3070 aliae
1279 3031 1412 3077 duaesunt
1418 3032 1450 3066 -in
1459 3031 1552 3068 medio
1561 3029 1733 3065 collocanda
1739 3046 1751 3068 ,
1762 3030 1806 3062 ita
1814 3026 1935 3069 utftons

1607 3082 1660 3126 R
1699 3088 1716 3110 2
1866 3074 1933 3109 aedis
