2241 3318
266 111 334 151 296
1001 112 1321 153 LtsszR

263 184 350 217 modo
360 195 378 216 a
387 183 469 217 Vitr.
482 188 695 227 exponamini».
721 178 825 214 Aliud
833 190 953 228 quoque
962 181 1050 214 docet
1063 202 1074 218 ,
1086 180 1166 228 quod
1173 175 1210 218 eli
1220 175 1323 221 :figna
1333 175 1373 211 ab
1381 179 1494 213 Ariete
1502 181 1591 214 iuxta
1595 178 1798 228 praesbriptum
1805 183 1945 220 ordinem,
1950 181 2019 229 sep—

264 232 456 266 tentrionalia
465 231 620 266 nominari,
635 240 696 274 qux
705 241 775 263 uero
788 242 807 263 a
819 228 908 263 Libra
919 230 958 264 ad
964 231 1108 265 Arietem
1118 227 1372 262 collocantumdi'ci
1379 229 1696 275 meridiana,quoni.zm
1704 230 1827 274 illasunt
1835 233 1912 266 citra
1921 235 2020 278 aequi-

264 281 458 315 nociialemin
472 277 572 316 „osiris
582 277 761 322 regionibus,
774 279 823 311 illa
833 289 905 311 uero
915 277 996 312 ultra
1005 275 1238 323 aequmoetialem
1250 273 1350 316 uerfirs
1356 284 1460 322 partes
1468 278 1728 326 meridianas,idq‚·
1736 281 1785 312 aio
1794 281 1908 314 ratione
1918 277 2017 321 nostri,

265 341 334 363 nam
336 328 434 373 signa,
445 338 506 374 que
515 325 600 360 nobis
609 329 774 360 meridiana
777 326 847 369 sunt
855 349 864 364 ‚
877 327 945 363 iilis,
957 329 1010 374 qui
1018 326 1100 360 ultra
1110 322 1282 372 aequiuottia
1307 323 1380 365 sunt
1388 323 1489 370 ‚signa
1497 337 1599 358 eorum
1607 328 1736 360 cardinis
1747 328 1960 374 dicunturque
1965 339 2019 361 ue-

265 390 299 411 ro
310 376 393 410 nobis
396 374 640 422 septentrionalia
652 374 812 413 habentur,
822 377 877 410 illis
885 377 1046 409 meridiana
1056 382 1214 408 uocantur.
1239 370 1390 418 ,Amplius
1399 374 1518 412 &illud
1528 375 1600 407 dicit
1618 397 1628 412 ,
1641 383 1797 423 utrunque
1804 377 2018 422 aequinoctium,

259 424 414 469 sblslitium
425 428 551 463 itemst&
560 422 697 458 brumam
702 423 770 466 fieri
780 426 809 458 in
823 425 939 458 oc'tauis
945 422 1084 471 partibus
1086 421 1331 468 fignorum,quod
1338 423 1483 468 quomodo
1492 423 1709 467 intelligendum
1711 423 1765 468 sit,
1777 433 1810 458 ut
1820 423 1894 458 mihi·
1901 426 2019 459 uidetur

264 485 425 521 exponam.
452 479 580 508 Veteres
587 482 621 507 ut
631 472 785 520 obliquum
799 472 943 507 circulum
951 471 1163 518 dignoscerent,
1177 468 1398 513 confiderauere
1406 471 1463 504 duo
1472 471 1585 513 diuerfiz
1593 475 1734 518 temporis
1741 471 2019 521 interualla,quibus

265 525 328 557 dies
339 532 396 569 par
413 522 491 556 noc‘ii
501 530 672 556 cerneretur
680 544 689 559 ,
698 522 884 569 maximasq;
896 524 1008 555 dierum
1022 519 1261 565 difflmditudines
1264 519 1404 562 geminas·
1408 521 1637 566 perpenderunt,
1649 520 1896 567 hyemis-sedicet,
1906 527 1948 561 φ
1955 520 2019 563 aefta

266 571 442 618 tis,quando
456 570 509 604 Sol
518 570 646 604 circulos
657 570 839 616 rcgreffionis
849 573 947 607 iniret,
960 579 1051 616 atque
1060 570 1091 602 id
1098 580 1154 601 non
1162 567 1226 610 fine
1237 567 1338 611 iudicij
1348 587 1357 600 2
1368 572 1409 605 &-
1417 569 1525 614 ingenii
1532 571 1667 602 acumine
1678 569 1833 613 fecerunt,
1843 572 2020 605 existiman-

264 629 311 655 tes
320 623 395 654 inter
406 620 460 654 bos
472 621 613 653 terminos
623 618 720 653 Solem
730 621 852 666 eundem
862 621 974 652 itineris
994 628 1144 654 tenorem,
1164 614 1316 662 modumq';
1329 615 1453 657 seruare
1462 637 1472 652 ‚
1483 621 1524 655 &-
1535 618 1578 650 ita
1596 617 1656 651 illis
1666 618 1757 660 uifiim
1769 620 1813 653 eft
1823 631 1858 652 ea
1863 619 1958 665 spatia
1961 616 2018 662 sub

265 681 324 703 uno
335 669 416 703 orbis
428 667 544 702 ambitu
554 670 699 701 contineri
707 666 813 702 debere
824 690 833 705 ,
845 669 924 701 vnde
935 675 1065 714 quatuor
1074 663 1180 700 circuli
1187 663 1299 710 puncta
1310 673 1456 710 tanquam
1465 666 1548 698 initia
1562 664 1676 713 obliqui
1689 665 1772 700 orbis
1783 666 1926 705 habuere,
1936 669 1979 700 im
1987 679 2015 700 e-

265 720 325 751 nim
346 718 503 763 igniferum
509 718 595 763 prius
604 725 745 750 uocatum
754 716 842 760 fuisse
851 717 922 749 cred
924 718 999 749 imus
1012 740 1021 749 .
1047 720 1096 749 Ex
1107 714 1164 747 hoc
1175 712 1236 746 alia
1245 721 1422 757 argumenta
1425 711 1579 754 sumentes
1588 735 1598 751 ,
1609 726 1675 748 eum
1684 715 1828 749 circulum
1837 717 1866 748 in
1871 724 1976 762 partes
1983 726 2022 749 ae-

265 779 344 814 quas
357 768 508 800 duodenas
523 765 757 811 diuisert-tntquae
766 773 907 811 perpetuo
918 765 1007 806 essent
1021 760 1309 797 immutabiles.1nde
1318 770 1351 794 ut
1354 759 1415 803 sibi
1425 766 1465 799 (9-
1474 759 1594 805 posteris
1605 774 1671 797 eam
1682 765 1879 798 inuentionem
1887 775 2020 798 memora

264 816 354 850 bilem
365 814 503 859 facerent
513 836 521 851 ,
533 812 676 847 circulum
685 814 767 846 illum
776 812 948 860 quibufiiam
952 811 1108 860 syderibus
1120 834 1129 848 ‚
1141 821 1203 857 qua:
1212 811 1240 842 in
1251 821 1285 843 ea
1292 818 1381 856 parte
1391 818 1565 847 cernuntur,
1573 812 1776 854 deformat-unt
1788 835 1797 850 ,
1809 824 1865 846 non
1875 821 1975 846 tamen
1985 821 2018 847 ut

264 868 363 910 imago
379 874 498 911 queque
506 863 709 896 duodecimam
716 871 834 909 partem
842 861 938 909 aquai
939 874 985 896 em
996 869 1158 908 occuparet
1167 859 1295 895 omnino,
1302 857 1352 902 βά
1360 866 1506 905 quatenus
1511 859 1648 905 praedtl'lo
1658 859 1724 894 orbi
1731 863 1833 895 uicinte
1841 860 1940 905 essent,
1950 870 2018 908 atq,-

264 917 308 947 ita
321 919 360 949 ,Α
362 915 475 948 νὶιτειη,
480 917 623 948 Taurum,
636 917 676 949 (φ
684 911 800 958 reliqua
810 912 1086 948 nominarunt‚unde
1095 907 1232 955 obliquus
1240 907 1287 941 ille
1295 905 1440 944 circulus,
1444 906 1580 952 signfitri
1587 919 1691 942 nomen
1701 907 1840 944 obtinuit.
1851 912 1942 957 Qod
1949 921 2020 944 uero

264 964 404 1007 imagines
413 963 468 994 illa
484 971 540 993 non
549 962 670 1006 penitius
682 961 885 994 duodecimam
900 968 1019 1007 partem
1023 957 1158 1004 signiferi
1168 964 1349 1002 occuparent
1357 977 1368 992 ‚
1381 957 1466 989 docet
1475 961 1507 990 V
1506 964 1558 990 ttr.
1570 968 1636 990 cum
1647 959 1718 992 dicit
1727 983 1737 992 .
1757 964 1854 1006 Caput
1865 959 2020 1006 &pet‘iuaes

265 1014 367 1045 Leonis
379 1016 491 1044 Cancro
504 1007 610 1046 tribui,
621 1014 662 1048 τόν
684 1020 764 1043 inum
775 1007 863 1050 uesiis
872 1010 1017 1053 Virginea
1022 1017 1126 1054 partes
1138 1003 1229 1039 Librae
1236 1006 1351 1051 priores
1361 1013 1510 1050 occupare
1520 1029 1528 1038 .
1539 1005 1698 1049 &femina
1709 1009 1865 1054 Sagittariq¹
1870 1009 2020 1055 pertinere

264 1064 303 1093 ad
314 1061 537 1105 Capricornum,
551 1056 716 1101 &fimilia-
727 1060 829 1103 anre
838 1064 867 1091 V
870 1059 920 1091 itr.
933 1058 1116 1103 exponendo,
1130 1056 1226 1089 dicam
1236 1055 1355 1099 primas
1362 1055 1483 1088 Arietis
1490 1063 1605 1099 partes,
1616 1067 1676 1101 qux
1686 1053 1775 1103 usque
1782 1057 1822 1090 ad
1831 1068 1941 1091 cornua
1948 1065 2019 1102 pro-

264 1110 435 1144 tenduntur,
441 1108 560 1151 gradm
571 1106 806 1152 occtiparefhiios
816 1128 825 1143 ‚
837 1112 877 1145 eff
889 1107 1057 1142 dimidium,
1069 1110 1110 1144 (J
1118 1102 1236 1151 posiren.
1243 1114 1283 1136 as
1291 1102 1380 1148 usque
1387 1102 1427 1135 ad
1445 1103 1569 1136 Arietis
1578 1105 1702 1137 caudam
1705 1105 1826 1149 gradus·
1833 1103 1944 1139 babere
1952 1105 2018 1138 olio

266 1164 308 1196 (φ
317 1158 423 1201 uiginti
433 1178 441 1192 ,
453 1158 496 1189 ita
507 1156 587 1202 quod
597 1167 615 1188 a
623 1157 727 1202 primis
735 1155 877 1202 partibtos
886 1155 926 1189 ad
929 1156 991 1202 pos
989 1155 998 1187 i
1002 1165 1103 1188 remae
1113 1153 1217 1197 uiginti
1235 1163 1304 1185 cum
1313 1151 1431 1184 dimidio
1435 1150 1598 1192 sumuntur
1607 1174 1617 1189 ‚
1635 1164 1765 1199 quarum
1770 1162 1845 1200 pars
1855 1154 1965 1187 ottaua
1975 1153 2019 1188 est

258 1207 389 1253 spatium
415 1206 542 1238 duarum
559 1206 691 1250 partium
709 1215 776 1238 cum
787 1205 903 1238 dimidio
914 1226 924 1240 ‚
935 1201 1041 1250 quibus
1061 1207 1101 1238 ,A
1104 1203 1161 1235 ries
1179 1199 1379 1247 aequalitatem
1394 1201 1506 1232 dierum
1511 1199 1635 1246 stiperat
1643 1223 1654 1238 ,
1664 1203 1740 1235 idem
1748 1204 1784 1236 de
1792 1201 2021 1247 alijsfignisin—

264 1255 408 1299 telligitur
419 1278 428 1287 .
433 1252 486 1296 sed
509 1252 567 1286 hoc
585 1264 758 1300 quanquam
767 1254 805 1286 ad
811 1252 942 1296 amufflm
951 1263 1008 1285 non
1018 1248 1210 1297 exigatur,ob
1217 1250 1443 1296 proximitatem
1454 1257 1552 1281 tamen
1557 1248 1634 1291 fictis
1642 1249 1696 1294 effe
1705 1249 1809 1297 potest,
1823 1256 1864 1290 ey·
1873 1249 2019 1298 quaestioni

265 1304 447 1349 respondere.
497 1307 706 1337 Veruntamen
727 1302 888 1337 Columella
914 1300 991 1335 libro
1001 1311 1089 1337 nouo,
1100 1299 1168 1332 licet
1181 1304 1212 1332 H
1207 1296 1356 1345 ypparcbi
1356 1296 1531 1340 sententiam
1539 1299 1677 1332 uideatur
1688 1298 1869 1346 approbare,
1874 1301 1923 1347 qui
1932 1301 2020 1336 dixit,

266 1351 454 1399 aeqzu'nollia,
465 1349 633 1392 &solstitia
642 1352 670 1384 in
679 1352 782 1397 primis
783 1350 936 1396 fignorum
941 1347 1079 1397 partibus
1082 1347 1161 1390 sieri,
1166 1346 1301 1391 sequitur
1310 1355 1410 1380 tamen
1419 1346 1588 1384 Eudoxum,
1599 1353 1639 1386 ey·
1648 1353 1809 1394 Myronem
1818 1357 1932 1382 ueteres
1943 1346 2021 1390 asiro

264 1412 369 1434 nomos
381 1422 391 1437 ,
403 1402 454 1444 qui
464 1401 493 1432 in
503 1399 616 1432 oetauis
624 1398 767 1445 partibus·
776 1411 811 1433 ea
817 1398 886 1441 fieri
896 1401 999 1433 dixere
1009 1423 1017 1431 .
1026 1396 1222 1440 „Admiserunt
1229 1395 1290 1429 laaec
1298 1404 1412 1428 ueteres
1419 1395 1460 1429 illi
1469 1416 1480 1431 ‚
1490 1394 1724 1438 confitetudinem
1728 1396 1848 1442 sequuti
1855 1411 1866 1431 :
1876 1398 1936 1431 dies
1945 1398 2021 1431 enim

266 1450 307 1483 illi
310 1449 393 1492 sacri
392 1447 471 1494 ficijs
481 1450 572 1481 certis
581 1448 711 1481 dedicati
723 1460 790 1482 cum
803 1447 901 1491 essent,
912 1460 931 1482 a
942 1444 1126 1493 vulgaribus·
1134 1445 1288 1481 nominati,
1300 1449 1341 1483 (tr
1350 1441 1497 1486 obseruati
1498 1443 1625 1487 fuerunt
1636 1466 1646 1481 ‚
1658 1447 1701 1479 ita
1708 1455 1744 1479 ut
1752 1448 1782 1479 in
1792 1445 2021 1491 oelauisfigno-

264 1509 334 1532 rum
342 1495 488 1543 partibuaes
496 1508 530 1530 ea
539 1505 705 1543 temporum
715 1496 883 1540 discrimina
888 1496 957 1538 sieri
969 1504 1147 1543 putarentur
1155 1515 1166 1530 ,
1178 1504 1272 1541 quare
1290 1504 1396 1526 uereor
1414 1503 1449 1526 ne
1456 1494 1540 1526 nimis
1551 1491 1705 1535 subtiliter
1723 1499 1753 1529 V
1754 1496 1897 1528 itruuium
1905 1495 2022 1542 aliquid

265 1546 354 1591 uulgo
369 1547 587 1581 concedentem,
599 1547 790 1592 interpretati
806 1557 846 1580 ex
855 1544 987 1591 Zieglero
991 1543 1139 1588 fuerimus
1148 1568 1157 1577 .
1184 1540 1288 1578 Verba
1301 1543 1377 1575 enim
1390 1540 1552 1576 Columella
1564 1540 1635 1584 sunt
1644 1541 1704 1577 haec
1717 1540 1771 1576 lib.
1797 1554 1832 1583 9.
1857 1552 1926 1590 cap.
1940 1556 1994 1586 14.

264 1600 338 1640 'Nec
347 1606 394 1628 me
397 1593 480 1638 fallit
490 1593 665 1640 iiypparchi
675 1596 753 1628 ratio
763 1617 772 1632 ,
783 1605 846 1642 quae
854 1595 939 1628 docet
942 1592 1066 1639 solstitia
1074 1614 1085 1630 ‚
1097 1598 1138 1631 ξφ
1146 1591 1318 1638 aequinoctia
1327 1601 1384 1623 non
1402 1590 1516 1624 ol't‘auis
1525 1612 1535 1627 ,
1540 1589 1593 1633 sed
1607 1592 1712 1637 primis
1716 1590 1856 1638 partibus
1863 1591 2019 1637 signorum

266 1643 383 1685 confici.
410 1649 524 1678 Verum
535 1644 564 1675 in
573 1642 631 1676 bac
645 1645 724 1676 ruris
733 1642 882 1689 disciplina
883 1642 992 1690 sequor
1001 1653 1076 1675 nunc
1093 1642 1210 1675 Eudoxi
1219 1661 1228 1677 ,
1241 1644 1282 1678 &-
1289 1640 1422 1673 Metonis
1430 1637 1719 1685 antiquorumfasios
1726 1639 1940 1686 astrologorum
1949 1663 1958 1678 ,
1969 1643 2021 1684 qui

258 1692 330 1736 sient
342 1693 442 1739 aptati
447 1690 580 1739 publicis
582 1691 748 1735 sacrificiis,
762 1694 833 1739 quia
850 1697 891 1731 &
900 1693 999 1725 notior
1009 1692 1053 1724 es'i
1063 1691 1122 1724 ista
1133 1697 1225 1723 uetus
1233 1686 1373 1733 agricolis
1382 1696 1526 1733 concepta
1535 1689 1632 1734 opinio
1644 1711 1652 1720 .
1678 1692 1752 1735 NJc
1762 1697 1862 1722 tamen
1871 1694 2022 1736 Hyppar-

264 1740 474 1784 cbifiibtilitass
483 1739 699 1786 pinguioribus,
711 1750 745 1776 ut
753 1743 839 1775 aiunt
848 1739 1020 1782 rusiicorum
1029 1739 1123 1772 literis
1132 1736 1292 1780 neceffizria
1303 1734 1341 1777 esi
1351 1760 1360 1769 .
1387 1736 1482 1781 ,Qiafi
1497 1736 1579 1770 dicat
1597 1735 1790 1772 colummella
1807 1749 1857 1772 eos
1865 1740 1918 1784 qui
1925 1739 2022 1785 aqui—-

265 1790 375 1826 nostia,
390 1787 561 1832 &solstitia
576 1791 604 1822 in
613 1792 716 1837 primis
718 1789 871 1836 fignorum
876 1787 1018 1836 partibus
1025 1786 1129 1828 confici
1139 1787 1240 1821 dicunt
1249 1806 1259 1822 ‚
1270 1794 1304 1818 ut
1319 1784 1525 1832 Hypparcbus
1535 1807 1544 1822 ,
1556 1797 1618 1818 rem
1622 1784 1774 1828 subtiliter
1782 1785 1966 1830 considerare
1974 1809 1985 1824 ‚
1990 1786 2023 1830 fi·

264 1848 366 1873 autem
369 1838 455 1885 sequi
465 1838 609 1871 rusticam
618 1839 835 1883 crassitudinem
844 1860 854 1876 ‚
865 1849 933 1872 cum
953 1838 1226 1883 rus‘iicispraecepta
1233 1832 1339 1876 rustica
1356 1835 1477 1867 tradat.
1505 1833 1726 1876 obseruandum
1743 1846 1860 1883 quoque
1879 1837 1908 1869 in
1918 1841 1948 1870 V
1948 1838 2022 1870 itru.

264 1886 352 1935 quali
361 1887 539 1921 conueniant
547 1886 678 1932 responsu
690 1889 753 1922 dies
761 1889 842 1924 anni,
851 1898 918 1921 cum
923 1885 1090 1930 fialfignum
1098 1884 1181 1918 aliud
1188 1905 1198 1921 ,
1208 1892 1301 1929 atque
1308 1881 1392 1916 aliud
1398 1884 1463 1919 init,
1475 1894 1543 1916 nam
1553 1888 1609 1916 Leo
1630 1885 1760 1917 Geminis
1768 1906 1777 1923 ,
1787 1890 1883 1928 Virgo
1900 1890 2001 1919 Tauro
2010 1906 2022 1923 ,

265 1941 304 1973 ,Α
306 1937 363 1969 ries
373 1934 464 1969 Libra
473 1937 619 1972 conuenit,
633 1945 725 1983 atque
733 1937 794 1971 alia
804 1935 977 1979 huiusmodi,
988 1945 1050 1981 qua
1060 1946 1079 1968 a
1088 1939 1119 1968 V
1119 1935 1171 1967 itr.
1183 1940 1338 1965 notantur.
1349 1933 1489 1979 quoniam
1501 1933 1602 1965 eadem
1612 1941 1689 1966 ratio
1704 1931 1741 1974 est
1750 1933 1880 1977 acceſjus
1890 1955 1900 1971 ,
1915 1939 1955 1973 ξφ
1964 1945 2021 1968 νε-

264 1997 300 2020 ce
323 1997 358 2018 us
367 2009 376 2018 .
405 1982 561 2018 Concludit
569 1993 670 2019 autem
681 1987 815 2030 inquiens
824 2007 834 2022 ‚
846 1984 1093 2032 quemadmodum
1101 1990 1248 2027 augentur
1258 2002 1268 2018 ‚
1281 1985 1322 2020 (φ
1331 1982 1502 2014 minuuntur
1511 1981 1729 2027 dierumspatia
1741 2003 1752 2019 ‚
1766 1983 1809 2015 ita
1819 1982 1948 2024 crescere
1959 2004 1969 2019 ,
1979 1987 2021 2021 &-

264 2033 432 2076 decrescere
442 2032 585 2066 horarum
594 2034 753 2067 interualla
765 2055 775 2071 ,
786 2045 855 2068 cum
865 2034 968 2067 eadem
978 2033 1058 2065 ratio
1061 2031 1104 2075 fit
1109 2031 1209 2078 partis
1216 2031 1255 2063 ad
1262 2037 1380 2076 partem
1389 2054 1398 2066 ,
1408 2040 1471 2076 qux
1480 2031 1572 2063 totius
1579 2031 1618 2063 ad
1627 2038 1735 2063 totum.
1750 2031 1806 2063 Sed
1814 2038 1848 2063 ut
1857 2039 1965 2076 aperta
1974 2042 2022 2064 re-

265 2094 333 2116 rum
343 2080 550 2123 demonstratio
559 2083 711 2120 tradatur,
725 2084 822 2117 dicam
833 2096 844 2116 .-
857 2092 1033 2128 quocunque
1043 2079 1109 2114 loco
1115 2080 1222 2123 fueris,
1226 2077 1292 2121 fiue
1303 2076 1384 2123 longi
1393 2077 1458 2121 ,seu
1468 2076 1575 2112 breues
1578 2076 1640 2121 fint
1653 2079 1710 2112 diei
1717 2100 1727 2116 ‚
1737 2083 1778 2117 ὠ*
1787 2078 1882 2112 noetis
1892 2081 2020 2116 termini,

265 2143 323 2165 non
326 2130 421 2173 solum
425 2129 542 2176 semper
552 2132 702 2165 dimidium
703 2130 838 2177 signifhri
841 2130 935 2177 fitpra
943 2129 1132 2175 horizontem
1142 2126 1196 2172 esse
1204 2126 1270 2170 ,fi‘d
1280 2128 1370 2161 etiam
1381 2128 1509 2161 interdiu
1518 2128 1668 2161 dimidium
1681 2128 1753 2161 oriri
1761 2148 1771 2164 ,
1783 2132 1823 2166 Θ·
1832 2127 1922 2161 ποὲἳιι
1931 2129 2022 2161 etiam

265 2179 349 2213 aliud
357 2180 508 2213 dimidium
516 2179 701 2225 consurgere.
727 2183 785 2215 Die
795 2179 944 2225 consurgit
952 2179 1104 2213 dimidium
1114 2177 1199 2214 illud,
1209 2187 1267 2223 quo
1277 2188 1296 2210 a
1303 2176 1413 2222 punito
1422 2188 1441 2209 a
1448 2176 1560 2222 puncto
1568 2197 1578 2213 ,
1586 2174 1708 2223 fignoq;
1717 2177 1747 2209 in
1756 2186 1815 2223 quo
1826 2184 1897 2210 tunc
1907 2184 2022 2223 tempo-

265 2230 309 2262 ris
318 2226 355 2269 esi
364 2227 426 2265 Sol,
438 2229 580 2274 incipiens
588 2230 675 2262 iuxta
686 2228 843 2274 signorum
855 2229 986 2262 ordinem
1003 2227 1195 2273 progreditur
1204 2246 1214 2262 ‚
1225 2230 1266 2263 (φ
1275 2226 1399 2270 emergit
1408 2249 1417 2258 .
1433 2230 1475 2264 (φ
1484 2223 1676 2271 oppofitasub
1691 2226 1780 2258 terris
1789 2224 1900 2271 punlla
1910 2224 2022 2259 occul-

266 2285 384 2314 tantur,
394 2282 434 2315 (9-
444 2288 483 2310 ex
491 2276 613 2319 aduerso
623 2279 709 2311 noe‘le
717 2278 767 2311 illa
775 2287 845 2325 pars
855 2277 976 2311 dimidia
985 2275 1133 2320 confiirgit
1144 2295 1154 2311 ,
1167 2279 1208 2312 (5
1217 2271 1268 2315 lsta
1276 2275 1509 2320 deminutum&
1517 2273 1575 2308 boc
1584 2275 1694 2307 rationi
1710 2272 1853 2316 consentit
1862 2295 1872 2311 ‚
1884 2276 2023 2321 quoniam

269 2324 466 2371 cumfignifer
474 2347 484 2362 ,
495 2330 535 2364 ά·
545 2324 675 2371 horizon
685 2329 715 2359 in
725 2324 1006 2371 maioribussphaerae
1017 2322 1137 2359 circulis
1145 2320 1314 2357 habeantur
1324 2344 1334 2360 ,
1344 2321 1454 2366 necesse
1463 2323 1509 2356 est
1518 2330 1635 2368 utrosq‚·
1645 2324 1756 2356 medios
1764 2320 2022 2369 aequabilitersese

267 2376 408 2421 utrinque
413 2372 530 2416 secare.
541 2375 604 2407 ideo
619 2383 683 2408 tam
690 2376 746 2412 die,
757 2374 847 2422 qudm
856 2374 941 2408 noete
951 2375 981 2407 in
991 2375 1068 2407 omni
1076 2370 1296 2417 horizontefinr
1301 2370 1388 2416 signa
1398 2372 1590 2410 orianum&
1592 2370 1649 2413 sex
1657 2372 1779 2405 cadunt.
1789 2371 1853 2405 ideo
1861 2372 1890 2405 in
1899 2370 2022 2418 obliquo

267 2423 430 2468 horizonte
439 2421 503 2459 his,
513 2424 564 2470 qui
570 2424 647 2456 citra
659 2422 894 2470 aeqiiinoe'i‘ialem
904 2421 1006 2457 orbem
1015 2419 1155 2456 habitant
1163 2442 1173 2457 ‚
1185 2421 1214 2453 in
1225 2420 1271 2453 die
1283 2420 1341 2467 ipso
1358 2419 1521 2467 aquinotlij
1536 2421 1620 2453 uerni
1630 2419 1776 2465 confitrgit
1787 2421 1939 2454 dimidium
1949 2421 2022 2455 illud

259 2472 406 2517 signiferi,
417 2473 498 2517 quod
508 2472 547 2504 ad
557 2472 679 2506 cardine
686 2471 869 2515 manifestum
879 2471 1018 2509 declinat,
1030 2473 1109 2518 quod
1110 2468 1182 2511 sena
1198 2471 1330 2503 continet
1334 2468 1421 2514 signa
1430 2467 1470 2502 ab
1479 2470 1593 2503 ¹Ariete
1600 2470 1640 2503 ad
1648 2467 1768 2503 Libram
1779 2491 1789 2507 ,
1801 2474 1842 2508 θ’
1851 2480 1890 2503 ex
1899 2468 2023 2512 aduerso

266 2520 431 2567 aquinollij
441 2519 624 2554 autumnalis
634 2521 680 2554 die
687 2520 837 2566 consurgit
845 2521 995 2554 dimidium
1005 2519 1098 2556 aliud,
1110 2523 1151 2557 Θ·
1162 2517 1245 2551 aliud
1255 2519 1315 2552 iam
1324 2518 1433 2552 dietum
1444 2518 1617 2564 deprimitur
1620 2516 1678 2561 sub
1687 2519 1788 2552 terris.
1815 2523 1929 2552 Verum
1937 2519 2022 2552 dimi-

267 2570 348 2603 dium
355 2568 500 2613 figniftsri,
511 2570 590 2615 quod
598 2581 665 2602 cum
677 2569 754 2603 Solis
756 2568 842 2615 figno
858 2567 1084 2611 aes'iiuofhlslitio
1103 2568 1210 2613 incipit
1220 2587 1232 2603 ,
1242 2565 1402 2613 longiffimo
1413 2566 1509 2612 spatio
1519 2565 1650 2609 aseendit
1657 2588 1667 2604 ,
1678 2571 1719 2606 (9-
1729 2565 1895 2610 breuisiimo
1905 2566 2022 2609 descen-

268 2620 323 2655 dit,
335 2623 376 2657 (y
385 2620 414 2651 in
421 2617 531 2665 putitio
541 2615 651 2652 brume
660 2619 820 2655 dimidium,
830 2629 888 2664 quo
899 2618 1005 2650 minori
1007 2617 1103 2662 spatio
1113 2614 1272 2660 confiirgit,
1281 2615 1407 2661 longiori
1415 2616 1595 2660 demergitur
1605 2637 1614 2653 ‚
1624 2626 1695 2649 nam
1701 2623 1820 2649 tantum
1827 2615 1930 2649 aestiua
1937 2615 2023 2649 noete

267 2676 414 2714 quantum
423 2666 552 2700 brumali
562 2667 608 2701 die
618 2665 780 2712 breuiffimo
790 2666 946 2700 interuallo
957 2665 1048 2712 supra
1052 2665 1153 2708 fertur
1162 2688 1171 2697 .
1182 2669 1223 2702 ὠ*
1232 2672 1297 2698 tam
1313 2666 1359 2699 die
1367 2665 1468 2698 aftiua
1478 2686 1487 2701 ‚
1498 2663 1587 2710 qudm
1596 2664 1680 2698 nofle
1688 2662 1817 2698 brumali
1831 2663 2023 2710 longissimum

267 2713 316 2756 est,
327 2717 402 2749 unde
411 2715 457 2748 his
465 2718 517 2762 qui
523 2714 579 2758 sub
591 2717 744 2749 cardinum
753 2713 880 2749 orbibus
889 2713 1042 2750 habitant,
1052 2714 1201 2747 dimidium
1205 2712 1350 2758 figniferi,
1361 2714 1441 2760 quod
1448 2724 1515 2747 cum
1517 2711 1633 2757 fiallhtij
1639 2712 1749 2759 punft'o
1760 2715 1907 2750 exoritur,
1917 2722 1952 2746 ut
1966 2725 2021 2758 24.

268 2763 411 2798 horarum
415 2764 510 2810 spatio
521 2763 679 2809 consurgit,
690 2766 734 2798 ita
745 2771 895 2798 momento
905 2764 1094 2807 demergitur,
1107 2767 1148 2801 Θ
1156 2761 1278 2805 aduersa
1287 2771 1374 2809 parte
1383 2763 1533 2796 dimidium
1542 2761 1624 2795 aliud
1633 2783 1642 2799 ,
1652 2763 1897 2808 quemadmodum
1905 2761 2023 2804 consur-

265 2814 324 2857 git,
334 2814 377 2846 ita
407 2824 423 2845 2
431 2827 464 2856 4.
492 2812 636 2846 horarum
638 2813 736 2859 spatio
747 2813 931 2859 deprimitur.
951 2814 1036 2846 Vnde
1044 2818 1189 2857 quantum
1193 2810 1327 2856 signiferi
1338 2811 1488 2845 dimidium
1507 2811 1621 2844 initium
1627 2813 1769 2856 proxime
1776 2812 1873 2855 magis
1880 2811 1920 2844 ad
1925 2809 2022 2844 altum

264 2860 421 2903 solstitium
426 2861 528 2903 sumit,
541 2870 627 2896 tanto
633 2859 1025 2908 prolixiori-spatioscandm
1038 2866 1076 2898 (3-
1086 2867 1171 2893 tanto
1182 2861 1288 2893 minori
1295 2859 1440 2902 descendit
1451 2880 1461 2896 ‚
1471 2867 1562 2905 atque
1571 2860 1615 2893 ita
1624 2861 1680 2893 duo
1691 2859 1821 2896 dimidia,
1831 2870 1892 2906 quae
1900 2858 2022 2902 cumfi-

264 2911 335 2955 gnis
342 2909 486 2955 afinls'titiq'
493 2912 609 2955 pariter
618 2909 792 2952 distantibus
802 2911 950 2946 oriuntur,
960 2910 1049 2955 aequis
1059 2909 1221 2943 interuallis
1230 2910 1375 2946 oriuntur,
1386 2913 1427 2947 (φ
1436 2909 1586 2941 occidunt.
1597 2906 2021 2954 namsurgunt,decumbuntq;

269 2956 419 2995 nostibus,
429 2963 470 2996 (9⁸
479 2956 581 2991 diebus
590 2957 762 3005 equalibus.
791 2959 848 2993 Sed
857 2969 919 3004 quae
930 2968 998 2992 cum
1002 2955 1096 3001 fignis
1104 2956 1144 2991 ab
1153 2956 1333 3004 aequinoft'us
1339 2956 1419 3003 aeque
1426 2954 1605 2997 distantibus
1613 2958 1757 3002 incipiunt
1766 2979 1776 2994 ‚
1786 2964 1898 3003 quanto
1907 2964 2023 3002 tempo-

269 3018 303 3041 re
313 3005 442 3040 alterum
451 3006 609 3052 confingit,
621 3016 707 3041 tanto
716 3005 852 3041 alterum
860 3008 940 3041 cadit
951 3031 960 3040 .
986 3011 1025 3041 A
1027 3014 1099 3052 tque
1107 3005 1164 3039 hoc
1174 3004 1222 3047 eft,
1233 3006 1313 3052 quod
1322 3011 1353 3041 V
1354 3007 1406 3040 itr.
1415 3006 1487 3039 dicit
1499 3029 1508 3038 .
1519 3006 1616 3039 redire
1633 3004 1732 3039 Solem
1747 3007 1777 3038 in
1786 3006 1977 3040 Geminorum
1985 3015 2023 3037 ιε-

2049 597 2094 621 ῙΟ

2049 1079 2094 1103 20

2051 1572 2098 1607 30

2051 2573 2095 2611 50

268 3054 390 3104 qualem
399 3055 513 3099 cursum
522 3077 532 3094 ,
546 3061 587 3095 (y
594 3067 709 3103 ,equare
719 3067 795 3094 eam,
804 3067 895 3104 quam
903 3054 996 3104 habet
1005 3060 1122 3089 Taurus
1130 3054 1245 3099 cursum
1255 3055 1399 3089 rationem
1407 3074 1418 3092 ‚
1432 3059 1473 3094 (φ
1482 3065 1549 3089 eum
1566 3054 1685 3098 cursum
1701 3065 1815 3100 aequare
1824 3064 1889 3087 eam
1896 3054 2023 3088 circina·
2049 3058 2097 3092 60

1916 3102 2027 3137 tionem
