2195 3313
356 75 398 107 24
1058 55 1375 96 LIBER

365 136 604 170 commoditatem
614 155 622 169 ‚
640 138 736 167 Decor
755 128 952 171 honestatem.
979 128 1129 163 Iconomia
1135 127 1246 175 respicit
1261 125 1556 170 distributionem&
1571 126 1715 164 iustitiam
1729 126 1878 175 quandam
1888 130 2025 177 partium
2031 130 2085 174 fid

357 184 415 219 hac
429 196 467 219 cx
470 179 669 229 superioribus
671 180 747 223 fiatis
746 178 817 222 fimt
826 175 973 221 manifesta
982 201 992 212 .

452 299 537 349 De
545 288 757 366 partibus
770 286 1124 345 QArchiteu‘urae,
1140 290 1189 341 in
1195 294 1489 362 priuatorum
1502 288 1565 347 Εἴ
1578 287 1861 364 publicorum
1883 290 1982 346 adi-

568 366 788 441 fictorum
812 363 1234 428 distributionibus,
1249 366 1313 423 Εἴ
1338 370 1661 449 (J'nomonices,
1677 367 1739 425 Εἴ
1749 388 1851 421 ma-

737 443 1018 498 chinationis.
1396 448 1506 519 Cap.
1586 447 1616 498 l
1630 448 1695 499 ll.

435 616 440 620 .
453 592 460 596 -
470 591 525 623 ἲς
555 575 580 607 Α
589 584 636 608 RT
645 583 682 606 Es
709 570 802 617 ipsius
812 570 1036 605 ArcliiteRurae
1050 568 1119 605 sunt
1129 580 1191 604 tres
1201 591 1210 607 ‚
1222 568 1413 605 Aedificatio
1435 569 1665 604 Gnomonice.
1692 567 1888 605 Machinatio
1898 585 1909 605 .·
1922 567 2083 605 Aedifica-

365 650 372 661 ‚
417 616 432 655 ἶ
447 633 460 655 s
495 603 525 657 φῖ
568 623 616 656 tio
625 632 732 655 autem
747 619 843 654 diuisa
862 619 905 653 est
919 619 1071 666 bipartito
1080 641 1091 657 ‚
1101 615 1117 652 e*
1127 618 1244 664 quibus
1254 631 1314 652 una
1324 617 1368 652 est
1378 619 1534 652 moenium
1545 640 1554 655 ,
1564 622 1595 652 &
1608 618 1831 652 communium
1851 631 1987 665 operum
1997 619 2030 652 in
2039 630 2081 664 pu

373 683 393 713 ,εξ
498 664 525 723 ,ὲ
569 670 661 704 blicis
672 669 751 703 locis
764 669 938 702 collocatio
949 691 959 707 ‚
969 668 1062 701 altera
1071 665 1117 700 e'st
1127 667 1326 712 priuatorum
1337 666 1548 701 aedificiorum
1565 666 1955 712 explicatio.1³ublic0rum
1971 677 2081 700 autem

366 691 525 753 33&sz
569 717 806 754 distributiones
815 715 884 750 sunt
898 727 960 749 tres
969 737 979 753 ‚
990 714 1006 749 ἐ
1019 714 1133 763 quibus
1144 727 1204 748 una
1214 714 1258 749 est
1267 713 1459 749 defensionis
1469 738 1478 753 ‚
1488 715 1545 748 alia
1559 715 1722 761 religionis
1732 737 1742 752 ‚
1754 717 1844 749 tertia
1853 715 2082 762 opportunita—

351 771 392 802 tis
404 794 413 802 .
429 766 632 802 Dcfcnfionis
643 765 686 799 est
697 776 861 798 murorum
873 786 883 801 ‚
895 762 1064 812 turriumt'];
1073 788 1084 802 ‚
1096 767 1127 798 ἃ·
1137 774 1300 809 portarum
1312 764 1401 798 ratio·
1410 763 1448 796 ad
1459 763 1596 798 hostium
1607 763 1744 810 impetus
1761 775 1914 811 perpetuo
1929 763 2083 809 repellen-

350 817 412 850 dos
431 817 616 862 excogitata
627 830 634 855 3
646 813 823 859 Religionis
834 812 967 846 deorum
977 812 1209 847 immortalium
1228 809 1391 850 fanorum,
1401 809 1549 858 aediumt'p
1560 809 1714 846 sacrarum
1723 812 1912 846 collocatio.
1924 812 2082 857 Opportu

351 866 460 899 nitatis
470 865 615 897 omnium
625 863 774 895 locorum
785 861 823 894 ad
835 859 922 895 usum
951 861 1114 906 publicum
1124 857 1288 906 dispositio
1301 861 1362 894 :uti
1381 866 1519 906 portus'‚
1535 857 1602 894 fora
1613 886 1620 900 ,
1630 860 1773 906 porticus
1782 884 1791 900 ‚
1801 860 1908 894 balnea
1918 883 1928 898 ‚
1940 860 2057 894 theatra
2071 882 2082 898 ,

350 912 620 948 inambulationes
633 934 642 949 ‚
656 908 802 956 caeterac'b·
813 934 822 947 ‚
835 922 903 955 quae
921 908 1029 953 iisdem
1046 908 1265 943 rationibusin
1277 909 1410 954 publicis
1421 907 1622 955 designantur
1635 908 1714 942 locis
1724 933 1733 943 .
1760 911 1840 943 Haec
1851 920 1958 942 autem
1991 909 2033 941 ita
2043 906 2083 941 fie

350 963 377 996 ri
393 961 526 998 debent,
538 970 572 993 ut
582 958 731 992 habeatur
742 958 824 990 ratio
835 957 995 992 firmitatis
1005 981 1014 997 ,
1027 958 1170 992 utilitatis
1182 979 1192 994 ‚
1201 955 1370 991 uenustatis
1381 981 1390 991 .
1418 957 1590 991 Firmitatis
1598 956 1656 991 erit
1670 957 1777 991 habita
1791 958 1872 991 ratio
1883 981 1893 996 ‚
1904 968 1977 990 cum
1989 954 2084 990 fuerit

352 1009 639 1043 fundamentorum
659 1006 698 1040 ad
719 1005 854 1040 solidum
870 1006 1030 1052 depressio
1047 1030 1057 1046 ‚
1074 1010 1107 1041 &
1127 1019 1163 1040 ex
1181 1017 1306 1052 quaque
1324 1006 1453 1040 materia
1470 1005 1635 1051 copiarum
1654 1004 1717 1039 {ine
1731 1006 1859 1040 auaritia
1876 1005 2013 1051 diligens
2022 1005 2084 1037 ele-

352 1059 419 1092 ctio
433 1070 442 1090 .·
456 1057 607 1090 Vtilitatis
616 1066 722 1089 autem
731 1054 895 1089 emendata
906 1059 936 1089 &
947 1055 1228 1100 fineimpeditione
1237 1077 1246 1092 ‚
1259 1053 1312 1089 usu
1324 1055 1471 1088 locorum
1483 1077 1492 1093 ‚
1502 1052 1665 1099 dispositio
1676 1078 1685 1093 ,
1695 1057 1727 1088 &
1745 1053 1785 1088 ad
1808 1055 1956 1101 regiones
1973 1052 2016 1087 sui
2028 1065 2083 1087 cu-

350 1104 524 1152 iuscunque
534 1104 658 1151 generis
667 1115 736 1149 apta
747 1106 778 1136 &
789 1105 964 1139 commoda
974 1102 1156 1138 distributio
1167 1128 1176 1137 .
1207 1101 1384 1137 venustatis
1395 1114 1499 1137 autem
1510 1125 1520 1140 ‚
1531 1114 1606 1136 cum
1616 1100 1709 1137 fuerit
1728 1100 1841 1150 species
1866 1113 1954 1149 grata
1963 1124 1973 1141 ,
1983 1105 2013 1136 &
2021 1102 2084 1136 cle-

349 1166 427 1202 gans
436 1175 446 1190 ‚
455 1153 714 1198 membrorumq;
725 1147 926 1186 commensus
936 1151 1028 1186 iustas
1040 1151 1151 1186 habeat
1162 1150 1413 1198 symmetriarum
1444 1151 1592 1186 rationes.
1966 1178 1968 1180 v

398 1207 496 1247 ‘Nunc
504 1200 696 1248 preliandum
706 1201 751 1234 cst
759 1202 838 1247 quod
840 1200 932 1247 fitpra
936 1201 1162 1248 pollicitisumus
1168 1217 1180 1242 ,-
1188 1199 1411 1236 Architectura
1413 1199 1527 1244 scilicet
1532 1209 1602 1247 par!
1607 1212 1637 1234 es
1643 1202 1815 1235 inueniendae
1819 1200 1890 1245 finit
1899 1208 2017 1248 :partes
2038 1201 2083 1233 in-

352 1251 451 1296 telligo
462 1261 518 1283 non
521 1248 646 1293 fizbricae
654 1272 664 1286 ‚
677 1249 789 1294 aedificij
797 1248 862 1290 ‚secl
869 1259 971 1296 partes
980 1249 1069 1283 huius
1075 1249 1264 1283 initiationis
1273 1250 1416 1288 (φανήῃ
1427 1260 1496 1282 nam
1516 1261 1584 1283 cum
1594 1248 1685 1296 supra
1703 1261 1742 1283 ex
1763 1249 1867 1293 ofitum
1875 1249 1918 1294 fit
1926 1272 1935 1287 ‚
1945 1260 2006 1296 qua:
2019 1249 2083 1295 spe*

349 1301 410 1334 cies
419 1321 429 1336 ,
443 1304 553 1345 &quse
556 1299 659 1341 forma
678 1306 774 1331 mente
796 1299 983 1344 concipienda
984 1297 1027 1341 fit
1035 1299 1156 1345 ,quidq;
1167 1299 1196 1332 in
1205 1299 1305 1332 animo
1314 1297 1579 1345 Architelliprius
1597 1297 1682 1341 inesse
1700 1260 1824 1335 degeat,
1837 1310 1913 1332 niinc
1928 1300 2083 1332 dicendum

349 1349 379 1381 in
391 1345 498 1394 quibus
506 1345 594 1380 rebus
600 1349 731 1380 exterius
740 1347 931 1392 exprimenda
951 1346 995 1390 fit
997 1347 1097 1390 forma
1114 1347 1163 1380 illa
1172 1346 1314 1394 speciesq‚·
1331 1348 1446 1380 interna
1456 1360 1467 1380 :
1477 1357 1546 1380 nam
1563 1347 1716 1384 ordinare,
1727 1347 1870 1393 disponere
1879 1369 1888 1384 ,
1898 1344 2084 1388 distribuere,

351 1396 467 1432 metiri,
477 1397 616 1430 decorare
623 1417 634 1433 ,
644 1400 684 1432 cy·-
692 1396 850 1429 uenul'lare
860 1393 930 1437 fiant
939 1407 979 1429 ex
986 1407 1087 1429 eornm
1097 1406 1215 1428 numero
1231 1417 1242 1432 ‚
1253 1405 1314 1442 qux
1319 1404 1373 1441 per
1378 1394 1412 1438 se
1433 1393 1487 1439 esse
1495 1406 1553 1429 non
1562 1393 1679 1442 poffiint
1690 1417 1700 1433 ‚
1711 1394 1824 1442 aliquid
1832 1398 1909 1429 enim
1919 1402 2002 1428 extet
2010 1402 2084 1441 opor

349 1453 395 1478 tet
405 1466 416 1481 ‚
426 1446 505 1491 quod
513 1445 677 1477 ordinemus
685 1466 695 1480 ,
704 1443 882 1488 disponamus
890 1466 900 1480 ‚
911 1449 951 1483 &⁴
963 1443 1082 1491 reliquis
1091 1441 1178 1478 rebus
1181 1443 1370 1490 perficiamus
1380 1466 1390 1481 ,
1400 1455 1468 1478 nam
1478 1446 1497 1488 (
1504 1452 1544 1488 ut¹
1563 1444 1690 1477 diximus
1698 1444 1717 1485 )
1727 1448 1766 1479 Λ
1768 1456 1799 1477 rs
1817 1443 1939 1478 habitus
1956 1441 1993 1484 eft
2008 1444 2084 1476 dire-

350 1493 416 1526 tior
425 1504 546 1537 operum
554 1506 565 1525 .·
576 1491 697 1539 Triplex
704 1494 795 1537 igitur
802 1491 1158 1535 Architetiuraesubietia
1167 1495 1303 1526 materies
1311 1517 1320 1527 .
1349 1492 1546 1534 Aedificatio,
1557 1494 1737 1527 Gnomonica
1746 1514 1755 1529 ‚
1765 1492 1954 1526 Machinatio
1966 1505 1977 1524 .-
1986 1497 2018 1525 In
2037 1490 2085 1523 his

351 1539 449 1575 tribus
459 1542 616 1578 ordinatio,
627 1539 795 1574 distributio
803 1540 988 1587 ‚symmetria
996 1563 1006 1578 ,
1015 1543 1104 1575 decor
1111 1564 1120 1579 ‚
1135 1547 1176 1580 (φ
1184 1542 1325 1579 uenuftas
1332 1543 1408 1575 artis
1415 1539 1451 1582 eft
1460 1541 1630 1575 collocanda
1636 1545 1675 1575 A
1676 1539 1886 1582 edificationem
1901 1538 2029 1582 absoluit
2033 1540 2084 1585 pri

351 1600 401 1623 mo
411 1612 421 1627 ‚
430 1590 517 1623 tertio
525 1611 536 1626 ‚
547 1598 654 1635 quarto
663 1591 785 1633 ‚quinto
793 1611 803 1626 ,
806 1589 895 1631 sexto
905 1611 914 1625 ,
917 1589 1041 1636 septimo
1051 1612 1061 1627 ‚
1075 1596 1115 1629 εἰς·
1125 1590 1230 1623 οὲἳαιιο
1244 1587 1321 1623 libro
1331 1603 1340 1624 .-
1352 1595 1397 1624 Gn
1403 1591 1650 1623 omouicamnono
1659 1603 1670 1623 .·
1678 1588 1933 1623 Machinationem
1951 1589 2061 1621 decimo
2072 1601 2084 1621 .-

350 1637 537 1680 .Aedificatio
549 1636 659 1683 duplex
667 1663 677 1676 ,
687 1646 741 1671 aut
749 1641 823 1671 enim
830 1637 1018 1684 publicorum
1027 1638 1188 1686 explicatio
1199 1636 1389 1672 esi-‘Publica
1399 1660 1409 1675 ‚
1420 1643 1460 1677 (9-
1468 1638 1633 1672 communia
1641 1646 1730 1684 opera
1749 1639 1902 1684 tripartita
1919 1637 2084 1681 intelligun-

351 1695 403 1720 tur
412 1711 421 1720 .
447 1691 521 1720 Sunt
529 1687 605 1719 enim
613 1695 665 1720 aut
673 1685 842 1730 defenstonis
851 1708 862 1724 ,
871 1695 925 1720 aut
932 1685 1079 1732 religionis
1088 1709 1097 1724 ,
1106 1695 1160 1721 aut
1168 1688 1401 1732 opportunitatis
1407 1700 1418 1720 .-
1426 1698 1494 1720 nam
1496 1685 1643 1729 securitas
1650 1683 1742 1727 hostes
1751 1708 1760 1722 ‚
1771 1685 1872 1732 religio
1883 1692 2083 1731 Deum‚oppor

353 1736 471 1769 tunitms
480 1736 560 1768 ciues
568 1734 680 1780 respicit
686 1756 697 1772 ,
712 1734 840 1782 quaesola
848 1757 858 1772 ,
869 1741 911 1774 «ψ’
919 1734 1124 1778 maximafimt
1133 1732 1300 1767 hominibus
1307 1745 1347 1766 ex
1355 1733 1443 1767 rebus
1457 1733 1623 1779 neceffizrijs
1633 1758 1642 1767 .
1668 1733 1803 1777 Defenfio
1822 1735 1925 1767 moenia
1935 1755 1945 1770 ‚
1956 1734 2062 1780 oppida
2071 1754 2082 1769 ‚

349 1781 575 1830 propugnacula
583 1804 593 1819 ,
604 1785 668 1816 uias
676 1805 685 1820 ‚
694 1792 800 1830 portas
808 1783 971 1827 considerat
978 1805 989 1820 ‚
1000 1785 1035 1817 de
1043 1781 1150 1830 quibus
1155 1784 1252 1828 primo
1268 1779 1345 1814 libro
1353 1783 1456 1825 agitur
1466 1807 1475 1814 .
1502 1781 1616 1826 Religio
1624 1781 1854 1829 templa‚aedcsq';
1857 1782 1972 1825 sacras,
1989 1782 2024 1814 de
2034 1781 2085 1827 qui

352 1830 407 1866 bus
416 1833 505 1865 tertio
513 1835 555 1870 (q-
563 1840 670 1877 quarto
679 1845 690 1864 .·
699 1833 902 1877 opportunitas
910 1854 920 1868 ‚
931 1836 972 1870 ό*
982 1830 1284 1874 commoditas-foram
1291 1850 1302 1866 ‚
1312 1831 1424 1863 curiam
1431 1851 1442 1867 ‚
1453 1827 1594 1873 basilicas
1603 1851 1613 1867 ,
1623 1827 2085 1877 theatra‚pornem-,ambulatio-

351 1891 403 1914 nes
411 1902 421 1916 ‚
430 1887 539 1926 portus
547 1901 556 1916 ‚
567 1884 608 1918 Θ·
615 1878 795 1921 huiusmodi,
806 1880 840 1912 de
848 1878 959 1924 quibua
968 1879 1046 1913 libro
1056 1882 1159 1925 quinto
1169 1903 1179 1912 .
1192 1879 1353 1912 Priuatam
1360 1878 1429 1911 uero
1438 1878 1602 1920 uniuerfizm
1611 1879 1755 1911 rationem
1762 1878 1918 1925 sequentes
1925 1877 2085 1924 libripxpli

352 1937 422 1963 cant
431 1933 651 1975 ‚ornamentaq;
662 1926 846 1968 edificiorum
848 1926 971 1972 septimo
980 1924 1057 1959 libro
1068 1926 1383 1972 explicantur.Oc'iauo
1392 1933 1492 1959 autem
1511 1936 1658 1972 aquarum
1674 1926 1777 1958 ductus
1794 1933 1984 1971 exponuntur
1994 1950 2002 1958 .
2012 1929 2084 1960 At-

355 1988 413 2024 que
422 1976 481 2010 haec
488 1976 533 2009 esi
541 1974 711 2018 uniuerfizlis
721 1974 903 2010 Vitruuia'nae
912 1974 1099 2007 traft'ationis
1106 1974 1267 2020 explicatio
1281 1998 1289 2006 .
1316 1979 1456 2008 Caeterum
1465 1985 1517 2007 nos
1524 1972 1616 2006 altius
1623 1971 1785 2014 uniuersum
1794 1975 1943 2018 negotium
1963 1981 2083 2019 repeten

352 2034 400 2059 tes
407 2047 417 2062 ‚
429 2026 573 2069 integram
582 2026 675 2058 totius
681 2023 1031 2068 =Architet'luraspeciem
1038 2030 1107 2056 ante
1114 2021 1215 2056 oculos
1220 2030 1362 2067 ponemus
1371 2047 1380 2056 .
1388 2023 1537 2067 Qoniam
1544 2020 1693 2066 ergoscire
1713 2019 1899 2056 arbitramur
1907 2044 1918 2059 ‚
1932 2032 2001 2055 cum
2010 2032 2083 2055 can-

348 2074 400 2117 [ἃ]
409 2071 609 2118 cognoscimus·
618 2087 629 2105 .-
636 2071 790 2118 Qotsunt
797 2071 950 2115 causarum
955 2082 1068 2116 genera
1077 2071 1258 2117 quarendum
1267 2068 1305 2109 eli
1314 2084 1325 2103 .-
1333 2071 1454 2117 quiquid
1461 2072 1551 2115 igitur
1552 2068 1672 2112 fabium
1679 2067 1717 2111 esi
1724 2069 1764 2103 ab
1772 2069 1872 2118 aliquo
1882 2069 2002 2113 ficetum
2011 2070 2057 2103 est
2070 2091 2082 2107 ‚

355 2120 504 2167 exaliqua
512 2132 544 2154 re
552 2143 563 2159 ‚
573 2122 611 2154 acl
617 2120 747 2168 aliquem
751 2119 844 2162 finem
853 2141 864 2158 ,
875 2118 980 2166 aliqua
984 2119 1085 2162 forma
1094 2141 1104 2155 ‚
1115 2119 1251 2164 &specie
1259 2142 1268 2151 .
1294 2118 1405 2164 Effetla
1414 2130 1461 2152 res
1469 2120 1559 2163 igitur
1568 2126 1696 2165 quatuor
1714 2116 1807 2152 babet
1824 2117 1927 2161 causas
1937 2133 1947 2152 .-
1957 2118 2082 2165 effec'iri-

353 2180 430 2207 cem,
441 2180 532 2215 quam
549 2174 590 2208 ύ-
597 2178 731 2214 agentem
739 2190 750 2206 ‚
761 2173 802 2207 &-
810 2168 962 2202 matricem
972 2167 1120 2214 appellant
1129 2189 1138 2203 ‚
1147 2166 1389 2209 finen1,fi›rn1am
1397 2188 1408 2204 ‚
1419 2172 1459 2206 ψ
1483 2168 1636 2201 materiem
1644 2165 1877 2202 :Architectura
1884 2167 2082 2211 formauimus

355 2225 493 2263 agentem
502 2226 640 2250 ornatum
648 2218 702 2251 illis
710 2215 828 2250 dotibus
837 2238 848 2254 ‚
855 2227 930 2263 quas
931 2215 1022 2261 supra
1030 2216 1267 2248 enumeraturum
1276 2238 1285 2247 .
1312 2220 1449 2248 Formam
1459 2226 1575 2263 quoque
1583 2216 1677 2249 totius
1684 2217 1760 2248 artis
1766 2217 1958 2262 expressimus
1969 2216 2081 2263 mamb,-

356 2268 486 2300 diximus
500 2277 540 2300 cx
555 2271 586 2301 V
587 2267 636 2299 itr.
645 2263 792 2307 constare,
802 2262 1179 2309 ordinationesdispofitione,
1182 2262 1352 2309 symmetria
1362 2285 1372 2300 ‚
1383 2265 1496 2301 decore,
1504 2264 1675 2300 uenasque,
1687 2261 1903 2304 distributione.
1931 2266 2008 2298 Finis
2021 2266 2083 2299 iam

357 2313 533 2357 manifestus
541 2314 586 2348 esi
593 2335 603 2351 ‚
614 2315 705 2347 omnis
713 2315 789 2347 enim
797 2325 848 2346 ars
855 2315 895 2347 ad
899 2311 990 2353 finem
996 2314 1062 2345 uitae
1071 2311 1174 2345 utilem
1182 2336 1192 2350 ,
1201 2313 1296 2345 tendit
1304 2335 1313 2344 .
1339 2317 1370 2346 V
1370 2311 1465 2346 tilitas
1482 2310 1643 2358 igiturfinis
1651 2313 1696 2346 est
1712 2311 1880 2355 uniuersalis
1889 2314 2016 2346 omnium
2027 2325 2080 2346 ar-

356 2361 536 2406 cefattorum
545 2387 555 2396 .
580 2363 726 2397 Materies
738 2363 813 2394 artis
821 2359 858 2402 eft
869 2360 917 2394 uel
922 2361 962 2393 ad
971 2359 1164 2404 neceffitatem
1171 2359 1220 2394 uel
1230 2361 1270 2393 ad
1279 2360 1396 2393 modum
1403 2383 1414 2398 ,
1424 2360 1472 2394 uel
1490 2361 1530 2395 ad
1537 2361 1750 2395 iucunditatem
1765 2362 1919 2405 referenda
1927 2375 1938 2394 .·
1945 2362 2086 2404 necessita-

355 2420 417 2445 tem
426 2408 554 2452 abfhluit
563 2408 748 2452 ,Aedificatio
756 2431 768 2447 ‚
779 2410 896 2444 modum
905 2407 1083 2443 machinatio
1091 2429 1102 2446 ‚
1113 2409 1324 2444 iucunditatem
1333 2411 1511 2444 Gnomonica
1521 2433 1530 2444 .
1556 2409 1661 2443 Totius
1670 2407 1867 2451 aedificationis
1881 2409 2013 2454 formam
2020 2408 2079 2443 hoc

353 2461 440 2493 modo
448 2458 671 2505 explicabimus.
879 2490 882 2492 .

408 2514 480 2542 Cum
488 2516 596 2542 natura
603 2516 806 2555 comparatum
809 2507 895 2551 fitut
903 2507 1012 2554 singuli
1022 2506 1140 2553 singula
1149 2529 1160 2545 ,
1169 2514 1224 2541 aut
1240 2507 1341 2554 aliqua
1350 2530 1359 2546 ‚
1373 2509 1472 2543 nullus·
1489 2509 1584 2542 omnia
1598 2507 1701 2554 possit,
1710 2508 1867 2554 indigentia
1884 2506 2014 2541 homines
2021 2506 2079 2541 una

359 2555 520 2603 compulit,
532 2569 569 2591 ac
584 2558 614 2590 in
631 2568 720 2590 unum
736 2565 837 2590 caetum
853 2559 1046 2602 congregauit
1055 2570 1066 2589 :
1083 2555 1150 2590 binc
1160 2554 1291 2598 fhcictas
1308 2559 1357 2591 illa
1367 2580 1376 2594 ‚
1386 2569 1447 2604 quae
1462 2557 1572 2590 ciuitas
1587 2556 1754 2602 appellatur
1761 2577 1772 2593 ‚
1782 2566 1844 2601 qux
1860 2555 2019 2589 multitudo
2040 2554 2079 2597 est

359 2607 490 2654 quadam
499 2605 639 2639 utilitatis
646 2604 734 2647 caufiz
743 2607 771 2638 in
780 2605 878 2639 locum
887 2616 976 2638 unum
985 2612 1161 2650 congregata
1171 2627 1182 2636 .
1209 2610 1295 2640 Hanc
1305 2605 1519 2640 multitudinem
1536 2604 1698 2646 uniuersam
1711 2602 1864 2651 poffumus·
1885 2602 2078 2647 considerare,

361 2654 412 2688 uel
420 2666 455 2687 ea
463 2655 590 2691 ratione,
600 2665 658 2700 qua
667 2653 824 2687 multitudo
833 2651 881 2694 eft,
890 2652 939 2686 uel
946 2662 1094 2700 quatenus
1110 2654 1140 2685 in
1149 2664 1184 2686 ea
1192 2651 1298 2700 aliquis
1306 2654 1443 2691 excellat,
1455 2659 1496 2692 ύ-
1504 2651 1615 2698 praesiet
1623 2652 1664 2696 :si
1682 2652 1896 2686 multitudinem
1912 2651 2084 2694 uniuersam.

368 2703 560 2748 respiciemus,
567 2712 621 2748 pro
630 2704 696 2736 eius·
704 2701 801 2743 salute
809 2707 850 2740 (9-
852 2701 1026 2744 securitate,
1035 2700 1139 2735 urbem
1146 2701 1189 2734 illi
1195 2703 1352 2736 condomus
1359 2703 1501 2735 munitam
1511 2702 1629 2746 maenus,
1635 2699 1872 2747 propugnaculis,
1872 2697 2083 2745 foffiffliallocjf

358 2760 416 2797 pro
425 2752 646 2787 commoditate,
657 2752 735 2788 uias,
740 2758 855 2797 pontes,
864 2749 986 2784 cloacas
996 2771 1006 2786 ,
1018 2744 1204 2796 angiportus,
1214 2755 1254 2788 (φ
1270 2750 1450 2793 huiusmodi,
1459 2761 1522 2797 quae
1530 2750 1570 2783 ad
1582 2750 1709 2782 omnium
1718 2750 1870 2783 commoda
1879 2750 2026 2791 pertinent
2032 2746 2077 2790 :si

361 2810 433 2832 uero
440 2798 616 2844 prestantes,
627 2804 667 2837 &¹
677 2799 850 2832 excellentes
859 2809 899 2832 ex
912 2809 948 2832 ea
955 2797 1143 2832 multitudine
1150 2797 1326 2843 deligamus,
1336 2799 1512 2832 inueniemus
1521 2796 1596 2831 alios
1613 2798 1755 2842 digniores
1764 2820 1773 2834 ‚
1784 2802 1826 2836 (9-
1832 2797 2012 2843 potentiores
2021 2795 2075 2839 effi

361 2846 437 2879 alios
446 2849 544 2881 minus
551 2848 661 2892 dignos,
666 2852 846 2892 &potentes
854 2868 865 2883 ‚
875 2852 916 2886 &⁹
925 2848 1000 2880 inter
1009 2846 1112 2891 dignos
1116 2844 1283 2893 potentescffl·
1292 2858 1381 2880 unum
1389 2868 1400 2884 ‚
1408 2855 1464 2880 aut
1468 2844 1570 2892 plures
1578 2844 1620 2888 :fi
1628 2857 1718 2883 unm,
1728 2854 1783 2879 aut
1787 2844 1931 2879 elefflone
1947 2842 2076 2877 aliorum
2087 2878 2089 2880 ,

363 2900 406 2934 (9-
423 2894 551 2939 legitime
555 2897 672 2940 praeerit
679 2895 792 2932 illc,aut
801 2896 831 2927 ui
838 2900 879 2934 (5-
887 2903 992 2929 contra
1000 2892 1079 2939 leges
1091 2908 1102 2934 3
1105 2892 1135 2936 si
1153 2891 1281 2939 legitime
1286 2895 1391 2941 praefit,
1399 2895 1535 2940 princeps
1543 2904 1639 2927 verua
1646 2916 1656 2931 ‚
1667 2900 1708 2933 (9-
1715 2891 1904 2939 legitimus;li
1921 2890 2076 2928 uiolenter,

363 2952 513 2989 tyrannm
518 2942 651 2989 perfidus
666 2942 862 2988 appellabitur
872 2957 883 2976 .-
905 2943 1013 2976 intuitu
1026 2940 1097 2983 finis
1110 2943 1228 2989 utrique
1240 2943 1443 2978 Architet'ius
1453 2942 1578 2989 propriae
1593 2942 1790 2984 :edificationis
1803 2941 1947 2975 rationem
1963 2937 2076 2973 habere

2113 551 2156 574 10

2114 1039 2157 1064 20

2113 1528 2160 1562 39

2111 2018 2158 2052 40

2110 2503 2154 2539 5Q

362 2989 600 3040 deheutrmcipi
606 2992 738 3037 Regiam,
749 2996 884 3038 Tyranno
891 2995 1010 3028 Arcem
1017 2988 1174 3035 conliniet:
1179 2991 1256 3026 inter
1263 2992 1416 3038 digniores,
1425 2991 1651 3039 &potentiores
1658 3013 1669 3030 ‚
1677 2990 1732 3039 aliq'
1746 2990 1846 3026 diuino.
1852 2987 1945 3024 cultui
1946 2999 1995 3029 ,ac
2003 2985 2083 3021 reli-.
2101 2983 2147 3016 60

1989 3035 2075 3082 gioni
