2195 3313
780 117 1347 163 SECVRDVS.
1838 127 1879 166 σς

151 185 370 233 oecogefimas,
381 187 411 219 &
421 184 462 219 ita
475 196 510 218 ex
520 182 639 231 reliqua
651 181 784 221 summa,
795 183 908 230 partim
919 181 1008 216 reddi
1020 182 1132 216 iubent
1150 196 1210 231 pro
1227 186 1275 220 his
1292 186 1462 232 parietibus
1472 211 1480 227 ,
1492 187 1711 237 sententiamss
1730 202 1879 236 pronun..

151 238 243 274 ciant,
254 247 308 268 eos
322 246 389 268 non
401 231 487 278 posse
504 233 584 279 plu3‚
595 231 691 279 quam
702 245 803 266 annos
813 232 999 278 oeluaginta
1009 230 1121 264 durare
1132 256 1140 265 .
1169 233 1223 267 De
1234 236 1375 280 lateritijs
1395 249 1473 270 uero
1483 262 1492 275 ‚
1503 238 1686 272 dummodo
1697 240 1733 273 ad
1745 251 1878 285 perpen-

150 285 288 322 diculum
306 283 375 322 sint,
385 281 499 316 stantes
510 303 520 318 ‚
532 280 610 314 nihil
629 281 810 317 deducitur,
820 279 870 315 sed
879 280 990 326 quanti
1001 276 1119 313 fuerint
1130 281 1208 315 olim
1220 281 1306 320 faeti,
1317 285 1394 317 tanti
1405 285 1464 318 esse
1474 287 1592 331 {emper
1616 286 1823 321 aestimantur.

159 345 163 347 ’
199 333 395 368 Caeiizentitius
399 333 501 378 paries
511 330 680 374 ot‘luaginta
690 341 784 362 annos
795 331 902 363 durare
906 336 1035 376 putatur
1045 352 1054 361 .
1065 330 1117 374 qui
1125 340 1194 373 ergo
1204 329 1382 372 collimabant
1390 332 1552 376 huiusmodi
1557 338 1711 381 parietem,
1721 347 1788 370 cum
1797 333 1881 369 arbi—

147 384 208 417 t’ria
216 381 412 415 communium
419 382 568 427 parietum
583 376 794 420 sumebantur,
799 378 829 422 fi
842 380 873 411 id
880 389 957 411 anno
964 378 1060 423 primo
1069 377 1214 419 tranfizl't‘o
1223 378 1391 421 faciebant,
1403 381 1627 428 octuagefimarn
1632 388 1725 431 parte
1734 384 1881 431 fiimptmu

151 436 191 470 ξφ
202 430 330 478 impensa²
339 426 686 471 deducebant‚fisecundo
703 428 781 461 duas
789 423 1048 474 ol‘i‘uggefimamfi
1055 427 1144 458 tertio
1159 433 1230 464 tres,
1244 427 1333 471 &fic
1340 430 1473 475 deinceps
1481 447 1490 467 ,
1501 432 1649 478 quousque
1664 434 1703 466 ad
1719 431 1883 476 offuagefi-

147 487 228 513 mum
237 489 346 513 annum
351 478 558 525 peruenirent,
568 477 597 508 in
605 487 664 522 quo
669 477 768 521 paries
776 475 881 508 nullius
895 477 995 521 pretu,
1013 472 1255 514 &aestimationis
1263 475 1431 511 habebatur
1441 502 1450 511 .
1456 478 1509 520 sed
1525 478 1674 512 lateritius
1686 483 1788 527 paries
1804 469 1883 514 {anti

141 528 259 576 semper
267 525 472 570 aestimabatur,
482 525 586 571 quanti
593 522 883 566 olimfueratfizllus,
893 525 979 557 modo
989 522 1028 555 ad
1032 523 1272 567 perpendiculum
1278 525 1385 562 flaret,
1393 537 1446 560 nec
1455 536 1544 560 extra
1554 526 1665 561 cubilia
1677 528 1822 576 ordinali,-
1832 540 1884 562 50-

79 601 83 607 .
111 601 114 606 -
147 579 194 611 ria
203 577 382 610 uiderentur.
392 579 469 619 Ergo
480 570 601 606 dubium
609 572 680 604 nulli
688 570 736 612 est,
747 575 815 618 quin
826 571 974 606 lateritius
978 570 1079 619 paries
1086 575 1259 607 caementitio
1264 571 1389 620 praftet.
1401 575 1490 619 Qod
1495 584 1530 609 ut
1538 587 1640 609 uerum
1651 575 1743 617 esl,ita
1753 589 1772 610 a
1782 576 1884 610 multis

76 616 90 639 ¹
97 617 119 638 ⁰
148 627 178 660 in
190 623 352 670 magnificis
360 622 487 668 aedificijs
496 619 681 663 obseruatum
690 622 759 653 dicit
768 626 799 654 V
799 622 849 654 itr.

198 677 236 707 lT
245 685 343 715 AQvE
368 669 533 705 nonnullis
545 668 738 708 ciuitatibus,
747 673 778 703 δι
796 668 924 715 publica
933 681 1043 717 opera,
1054 673 1086 705 δε
1096 670 1234 716 priuatas
1244 670 1375 710 domos,
1398 671 1494 706 etiam
1505 671 1607 719 regias
1619 671 1636 705 ἐ
1648 673 1743 707 latere
1752 672 1884 707 structas

148 723 225 757 licet
236 722 353 756 uidere.

198 770 349 818 Exemplis
354 768 478 817 probat,
487 769 566 816 quod
581 769 671 802 dixit.-
680 766 796 802 Plinius
802 775 904 801 {tutem
913 766 986 812 lib-3
997 776 1013 811 5
1019 779 1087 818 .cap
1095 796 1104 805 .
1113 777 1322 815 14.mutuatus
1331 770 1376 803 eii
1384 769 1483 803 locum
1490 771 1581 805 is'tum
1589 793 1598 807 ‚
1608 771 1716 804 dicens.
1728 772 1885 816 Graeciprae

148 829 288 866 terquam
297 817 350 853 ubi
359 830 375 852 e
378 818 462 862 filice
466 817 534 859 fieri
539 825 663 864 poterat
670 816 821 850 §truttam
827 818 956 862 parietes
965 816 1114 853 lateritios
1119 817 1359 865 pratulerafiint
1367 820 1443 852 enim
1452 821 1550 852 aterni
1560 819 1589 863 fi
1597 820 1636 853 ad
1639 819 1884 866 perpendiculum

143 869 233 911 fiant,
243 869 305 902 ideo
318 873 358 906 &⁸
366 868 405 901 acl
410 865 532 913 publica
541 871 685 913 operm&
695 866 792 910 regias
800 865 902 898 domos
916 866 1065 901 adduntur
1074 893 1084 902 .
1094 868 1141 911 fic
1157 875 1320 901 extruxere
1335 878 1452 900 murum
1471 866 1608 902 Athenis
1616 890 1626 904 ‚
1638 870 1690 914 qui
1709 869 1749 902 ad
1755 876 1886 901 montem

150 916 436 963 Hssnetumspec'iass
458 927 487 949 tc
494 916 626 961 parietes
632 914 698 947 aedis
706 915 796 950 Iouis,
802 917 841 952 ύ-
856 913 1006 951 Herculis,
1017 919 1156 962 quamuis
1166 914 1299 962 lapideas
1308 915 1515 955 columnas‚&
1524 915 1655 962 epyslilia
1664 917 1884 953 circumdarent,

148 967 266 1000 domum
277 967 388 1010 regiam
411 963 521 1000 =Attali
531 960 679 997 Trallibus
689 984 697 998 ‚
708 960 940 1006 itemQSardibus
959 963 1046 1007 Croesi
1053 986 1062 1001 ‚
1072 976 1162 1010 quam
1181 963 1324 1007 Gerusian
1334 964 1434 1007 fecere
1451 964 1651 1008 Halicarnassi
1666 964 1815 1008 Mausoli,
1826 975 1889 1011 quae

150 1016 323 1047 etiamnunc
332 1014 461 1049 durant,
472 1013 672 1045 Lacaedemone
680 1011 796 1056 quidem
809 1009 938 1052 excisum
952 1010 1092 1058 lateritijs
1103 1011 1268 1060 parietibus
1287 1021 1360 1058 opus
1375 1014 1529 1046 tec'torium
1543 1022 1667 1059 propter
1684 1014 1889 1047 excellentiam

83 1085 85 1087 ·
94 1088 97 1092 ,
146 1063 265 1110 pifflurae
274 1061 376 1107 ligneis
379 1061 485 1105 formis
493 1061 629 1094 indutum
639 1065 763 1103 Romam
771 1060 964 1105 deportauere
970 1061 999 1093 in
1008 1060 1147 1095 aedilitate
1155 1062 1195 1094 acl
1205 1061 1357 1094 comitium
1367 1062 1570 1094 exornandum
1579 1067 1712 1094 Muraena
1723 1083 1733 1098 ‚
1744 1067 1785 1100 Θ
1804 1067 1835 1097 V
1836 1065 1893 1095 ar-'

76 1108 120 1131 ²0
149 1124 195 1146 ro.
206 1112 296 1155 ,Qioa'
307 1120 382 1157 opus
391 1120 457 1144 cum
464 1118 519 1156 per
520 1108 553 1151 se
560 1110 668 1142 mirum
680 1109 719 1150 ess
721 1116 750 1141 et
760 1106 952 1152 :translatum
968 1116 1067 1142 tamen
1077 1112 1172 1154 magis
1187 1107 1385 1142 mirabantur.
1397 1115 1411 1142 l
1412 1120 1430 1141 n
1440 1115 1455 1143 I
1456 1108 1530 1142 talia
1540 1121 1655 1155 quoque
1663 1109 1810 1144 lateritius
1817 1122 1889 1143 mu-

152 1172 206 1194 rus
214 1161 333 1199 tAretu,
345 1163 385 1198 (sy
395 1163 433 1192 M
435 1159 543 1191 euania·
551 1155 599 1198 esi,
612 1163 708 1200 Romae
717 1166 774 1189 non
776 1155 856 1197 fiunt
864 1155 940 1190 talia
950 1157 1080 1199 aedificia,
1090 1156 1372 1205 quiasefiluipedalis
1379 1159 1549 1203 pariesmon
1555 1157 1709 1203 plusquam
1718 1170 1806 1192 unam
1819 1169 1888 1191 con-

148 1201 341 1253 tignationem
351 1204 626 1252 tolerat,cautum12;
636 1203 673 1247 esl
683 1215 719 1238 ne
727 1206 888 1239 communis
896 1206 1017 1250 crassior
1019 1205 1079 1248 fiat
1089 1228 1099 1245 ,
1111 1217 1163 1240 nec
1172 1207 1417 1251 intergerinorum
1432 1208 1510 1240 ratio
1522 1207 1640 1253 patitur
1650 1230 1658 1239 .
1668 1205 1728 1240 hac
1743 1206 1826 1240 Plin.
1838 1218 1898 1240 ea-·

150 1258 218 1292 dem
229 1257 313 1303 prior
328 1262 358 1291 V
359 1258 409 1290 ξίν.
710 1272 711 1275 ¹

172 1316 173 1319 ’
191 1306 230 1339 E
240 1317 263 1339 T
293 1305 430 1351 primum
454 1303 738 1352 Atheni51murtim
750 1324 760 1342 ‚
773 1304 828 1351 qui
849 1302 968 1350 spestat
989 1305 1028 1340 ad
1050 1307 1230 1351 Hymetum
1239 1303 1393 1338 'montem
1405 1327 1413 1341 ‚
1431 1306 1462 1338 ὃ(
1483 1301 1700 1338 Pentelensem
1712 1309 1815 1338 :Item
1835 1317 1889 1348 pa-

150 1353 242 1388 rietes
252 1354 283 1386 in
293 1353 358 1387 aede
368 1353 456 1388 Iouis
468 1376 477 1391 ‚
487 1357 518 1387 &
537 1353 687 1387 Herculis
697 1354 850 1387 lateritias
867 1353 959 1387 cellas
972 1375 982 1391 ‚
992 1366 1067 1388 cum
1078 1356 1160 1389 circa
1170 1355 1290 1401 lapidea
1302 1354 1334 1387 in
1345 1353 1411 1387 aede
1422 1352 1564 1398 epistylia
1584 1352 1643 1387 sint
1655 1356 1687 1387 &
1707 1354 1867 1387 columnae
1879 1377 1889 1391 ,

150 1409 189 1437 In
208 1402 294 1436 Ital-ia
311 1402 424 1435 Aretio
444 1403 570 1449 egregie
587 1399 708 1436 faffum
729 1413 855 1435 murum
866 1426 876 1436 .
929 1403 1093 1436 Trallibus
1114 1403 1250 1445 domum
1267 1401 1396 1449 regibus
1415 1402 1564 1434 Attalicis
1584 1399 1700 1435 falftam
1720 1426 1731 1440 ,
1754 1413 1824 1447 quse
1851 1401 1894 1435 ad·

148 1449 357 1490 habitandum
377 1448 498 1498 semper
515 1451 610 1485 datur
627 1451 654 1483 ei
672 1473 683 1488 ,
704 1451 759 1496 qui
781 1450 920 1484 ciuitatis
935 1450 1017 1497 gerit
1037 1450 1249 1486 lacet-dotium
1267 1474 1276 1489 ‚
1294 1454 1376 1485 Item
1406 1451 1636 1483 Lacaedemone
1654 1449 1672 1484 e
1698 1449 1891 1496 quibusdam

148 1498 320 1546 parietibus
339 1499 433 1532 etiam
450 1499 580 1545 pic'iturae
598 1498 705 1533 excisae
723 1495 898 1532 interseffis
915 1498 1068 1534 lateribus
1085 1498 1211 1534 inclusae
1237 1498 1308 1533 sunt
1324 1500 1357 1532 in
1375 1499 1489 1545 ligneis
1506 1496 1620 1532 formis
1638 1523 1648 1536 ‚
1665 1502 1698 1532 &
1725 1500 1757 1531 in
1784 1500 1893 1531 comi-=

112 1572 115 1574 -
149 1548 230 1582 tium
249 1547 287 1581 ad
306 1558 456 1581 ornatum
473 1547 631 1582 aedilitatis
651 1547 804 1582 Varronis
820 1550 853 1581 δι
870 1547 1015 1582 Murenae
1036 1546 1162 1583 fuerunt
1180 1549 1278 1583 allate:
1297 1572 1308 1587 ‚
1325 1547 1428 1581 Croefi
1448 1546 1565 1580 domus
1588 1559 1685 1592 quam
1711 1547 1890 1580 Sardiniani

77 1586 120 1620 3⁰
149 1596 272 1630 ciuibus
292 1596 332 1630 ad
350 1594 612 1642 requiescendum
630 1597 730 1631 aetatis
748 1596 824 1629 ocio
842 1593 1002 1630 seniorum
1021 1597 1165 1644 collegio
1185 1597 1352 1632 Gerufiam
1373 1595 1599 1629 dedicauerunt
1609 1618 1620 1633 ‚
1633 1596 1716 1629 Item
1735 1595 1891 1641 Halycar-

147 1644 226 1679 nassi
244 1643 455 1691 potentissimi
475 1645 574 1692 Regis
600 1643 738 1679 Mausoli
755 1644 873 1679 domus
893 1657 967 1679 cum
981 1645 1177 1679 Proconelio
1196 1657 1355 1679 marmore
1379 1645 1488 1677 omnia
1518 1642 1647 1677 haberet
1667 1653 1778 1677 ornata
1797 1667 1808 1682 ,
1834 1655 1897 1688 ραι

151 1695 244 1727 rietes
257 1693 350 1727 habet
363 1693 454 1727 latere
464 1694 624 1728 extruetos
636 1716 646 1732 ‚
673 1695 727 1741 qui
737 1693 776 1727 ad
792 1694 856 1728 hoc
865 1703 992 1739 ternpus
1011 1695 1173 1741 egregiam
1186 1693 1332 1740 praestant
1343 1692 1526 1726 firmitatem
1536 1716 1547 1730 ‚
1570 1696 1614 1725 ita
1625 1691 1767 1735 teetorijs
1785 1692 1892 1738 operi—

150 1742 209 1776 bus
221 1742 363 1788 expolsti,
375 1752 410 1775 ut
421 1743 496 1775 uitri
507 1743 761 1788 perluciditatem
775 1742 942 1775 uideantur
951 1741 1066 1775 habere
1076 1767 1085 1776 .
1860 1761 1862 1763 v
1878 1750 1880 1754 '

202 1789 347 1836 Exempla
356 1792 434 1824 dedit
442 1799 562 1836 operum
567 1788 755 1835 publicorum
764 1799 916 1821 murorum
918 1788 1045 1829 scilicet,
1056 1796 1096 1829 &
1111 1793 1213 1825 adium
1215 1792 1371 1834 sacrarum
1380 1813 1390 1828 ‚
1401 1792 1479 1825 dedit
1486 1792 1575 1824 etiam
1585 1788 1721 1835 exempla
1741 1791 1893 1836 regiarum

151 1839 301 1872 domorum
309 1859 319 1874 ‚
332 1839 360 1870 in
368 1835 611 1884 quibusparietes
619 1844 704 1870 erant
716 1847 754 1870 ex
762 1833 907 1868 lateribus
915 1844 948 1869 ut
959 1838 1144 1882 responderet
1151 1840 1192 1872 illi
1196 1841 1278 1885 parti
1286 1862 1295 1876 ‚
1307 1838 1358 1873 ubi
1366 1841 1444 1873 dixit
1452 1863 1461 1872 .
1490 1843 1503 1882 {
1512 1845 1620 1884 Itaque
1630 1839 1774 1872 nonnullis
1782 1839 1894 1873 ciuita-·

149 1886 240 1923 tibus,
253 1891 294 1925 όν
301 1884 422 1932 publica
431 1895 531 1932 opera,
542 1886 726 1931 &priuatas
735 1886 835 1918 domos
843 1885 932 1917 etiam
941 1887 1037 1929 regias
1047 1897 1063 1918 e
1070 1886 1166 1920 latere
1167 1886 1297 1928 struft'as
1305 1887 1375 1921 licet
1383 1889 1495 1921 uidere.-
1506 1889 1519 1928 }
1544 1887 1619 1921 Illud
1627 1898 1742 1934 quoque
1753 1889 1787 1921 de
1799 1892 1893 1920 Mau*

144 1933 204 1977 soli
213 1935 295 1967 domo
305 1935 593 1967 animaduertendum
602 1932 639 1974 est
648 1955 657 1970 ,
670 1933 751 1979 quod
757 1938 787 1966 V
787 1935 838 1965 itr.
849 1934 925 1966 dixit
933 1933 973 1965 ad
974 1932 1061 1974 suum
1071 1944 1185 1982 tempus
1195 1937 1343 1980 egregiam
1351 1934 1489 1982 praellare
1496 1934 1674 1977 firmitatem
1687 1936 1819 1981 parietes
1828 1935 1893 1969 illos

149 1994 189 2016 ex
203 1980 298 2015 latere
300 1980 440 2022 structos,
449 1993 517 2015 nam
526 1981 682 2025 Mausolus,
690 1980 769 2026 obijt
778 1980 950 2026 oljtrtioiadis
962 1981 1122 2024 'centesimae
1129 1983 1338 2024 annosecundo
1355 1982 1436 2016 urbis
1447 1988 1544 2026 Rome
1563 1994 1640 2016 anno
1659 1985 1742 2028 cccij.
1761 1992 1892 2029 tempore

149 2032 204 2064 aut
212 2035 242 2065 V
242 2031 344 2069 itruuij
353 2030 532 2072 tranfiztflum
541 2038 606 2063 erat
613 2038 728 2076 tempus
734 2040 877 2062 annorum
891 2029 1109 2065 cccc-xxvsed
1117 2033 1188 2078 quid
1197 2031 1213 2064 ,ἓ
1222 2034 1266 2065 ait
1275 2031 1441 2066 ‘Philander
1449 2034 1608 2065 etiamnum
1616 2032 1725 2064 durare
1725 2030 1758 2072 se
1766 2031 1892 2073 audiuis-

73 2073 121 2108 40
143 2078 188 2122 se.
214 2079 289 2112 Illud
296 2089 413 2124 quoque
422 2077 634 2121 obseruandum
642 2079 720 2125 quod
728 2079 806 2111 dixit
823 2079 1023 2111 Lacademone
1031 2090 1048 2111 e
1056 2078 1229 2126 quibusdam
1245 2078 1413 2126 parietibus
1422 2082 1512 2113 etiam
1517 2079 1638 2126 pie't'urae
1654 2078 1754 2121 excisle
1771 2079 1892 2122 interse-

151 2127 207 2161 tiis
214 2124 359 2160 lateribus
368 2126 480 2170 inclusio
486 2126 511 2169 f
504 2135 557 2161 unt
565 2128 594 2159 in
602 2126 704 2172 ligneis
710 2126 819 2170 formis
829 2148 839 2162 ,
851 2132 891 2165 (φ
900 2127 1078 2170 inferiust
1089 2129 1223 2173 teliorijs
1230 2128 1370 2175 operibus
1377 2127 1502 2174 expoliti
1510 2150 1520 2164 ,
1530 2136 1564 2160 ut
1579 2128 1651 2161 uitri
1654 2127 1894 2174 perluciditatem

151 2176 308 2209 uideantur
317 2173 426 2209 habere
437 2201 446 2209 .
457 2177 491 2208 -in
499 2187 557 2223 qua
568 2175 747 2217 refiimmam
759 2177 947 2219 antiquorum
957 2174 1138 2220 diligentiam
1147 2175 1330 2219 confiderare
1338 2175 1485 2213 debemus,
1497 2184 1531 2210 ut
1539 2187 1595 2209 non
1603 2176 1689 2210 modo
1698 2177 1737 2209 ad
1744 2178 1894 2219 aeternita⁴

154 2232 224 2261 tem,
228 2223 281 2266 sed
288 2225 377 2257 etiam
385 2226 424 2258 ad
433 2223 610 2266 uenuslatem
616 2223 777 2268 fizbricaffe
786 2225 878 2256 uideri
883 2225 1009 2270 posiliit,
1015 2226 1116 2270 paries
1132 2237 1171 2259 ex
1186 2223 1331 2258 lateribus
1346 2226 1385 2258 ad
1399 2222 1747 2271 perpendiculum'fiztlus
1751 2232 1894 2271 perpetuo

151 2273 240 2306 durat
252 2297 260 2305 .
293 2272 460 2306 Tectorium
471 2282 554 2319 opus,
567 2275 602 2306 de
614 2285 670 2320 quo
679 2271 756 2306 libro
758 2272 882 2318 septimo
891 2274 1030 2310 dicemus,
1039 2275 1082 2306 ita
1085 2273 1223 2315 solidum,
1234 2278 1274 2312 θ
1281 2273 1408 2320 politum
1417 2282 1494 2310 erat,
1503 2282 1538 2308 ut
1547 2272 1671 2310 colores,
1682 2272 1893 2320 &splendores

154 2322 338 2354 admitteret.
346 2325 458 2366 Auget
468 2331 570 2355 autem
581 2328 611 2357 V
612 2324 662 2354 itr.
676 2320 840 2355 lateritium
848 2320 978 2364 Mausoli
988 2330 1061 2368 opus
1069 2323 1178 2356 dicens.
1888 2335 1889 2339 ¹

171 2417 178 2426 .
200 2369 235 2402 N
250 2381 266 2402 E
278 2380 330 2411 Qv
342 2381 361 2402 ε
387 2370 415 2403 is
426 2381 475 2403 rex
485 2370 524 2404 ab
535 2370 644 2417 inopia
653 2370 685 2404 id
697 2368 772 2403 fecit
783 2390 797 2415 ‚¹
811 2367 942 2403 infin-itis
961 2371 1048 2404 enim
1060 2365 1271 2417 neeligalibus
1281 2381 1346 2405 erat
1356 2370 1492 2409 farflms,
1504 2370 1594 2418 quod
1611 2368 1811 2417 imperitabat
1828 2370 1892 2403 Ca-

152 2430 206 2452 nae
218 2428 294 2452 toti.
1749 2438 1765 2441 ..

200 2471 278 2513 Ergo
289 2469 448 2502 ,eternitati
455 2468 633 2512 consulebat,
637 2467 810 2515 sciebatque
820 2467 983 2514 lateritium
994 2477 1066 2515 opus
1077 2471 1300 2515 preponendum
1314 2493 1322 2502 .
1341 2474 1382 2508 &⁰
1392 2468 1440 2503 hic
1456 2468 1539 2503 aliud
1555 2470 1762 2503 documentum
1780 2468 1893 2514 accipi·

153 2527 220 2549 mus
227 2538 236 2553 ‚
247 2527 297 2549 eos
300 2515 414 2559 scilicet
421 2519 472 2563 qui
479 2517 619 2559 aedificare
629 2517 732 2551 uolunt
742 2515 846 2551 debere
855 2519 907 2555 rei,
918 2516 1115 2564 quamfticere
1122 2519 1252 2556 student,
1262 2520 1399 2552 notitiam
1409 2516 1531 2555 habere,
1541 2528 1594 2551 nec
1603 2519 1699 2552 omnia
1707 2516 1892 2552 ,Architefto

83 2559 125 2595 50
156 2566 340 2598 committere
351 2579 361 2598 .·
370 2568 590 2600 commendatur
598 2578 667 2612 ergo
676 2567 823 2612 ingenium
834 2567 922 2611 Regis
930 2565 976 2599 his
984 2564 1095 2600 uerbis.

204 2613 235 2644 A
248 2623 269 2645 c
284 2624 303 2644 v
317 2625 342 2646 M
356 2625 373 2646 ε
387 2626 409 2647 Ν
433 2625 538 2648 autem
549 2616 615 2647 eius
625 2614 823 2648 &solertiam
835 2616 873 2647 ad
883 2613 1017 2647 aedificia
1034 2615 1170 2660 paranda
1182 2616 1221 2650 sic
1231 2615 1305 2649 licet
1315 2614 1512 2649 considerare
1522 2639 1530 2648 .
1551 2614 1639 2648 Cum
1657 2612 1730 2647 effet
1739 2613 1824 2646 enim
1835 2624 1891 2646 na-

157 2668 209 2692 tus
221 2660 357 2704 Mylasis,
370 2666 401 2696 &
411 2661 672 2697 animaduertiffet
684 2662 894 2696 Halicarnasfi
904 2664 1013 2697 locum
1023 2665 1205 2698 naturaliter
1214 2664 1389 2698 munitum.
1401 2660 1617 2711 emporiumess
1631 2663 1784 2698 idoneum
1795 2684 1805 2701 ,
1816 2672 1892 2707 por-

159 2716 229 2755 tum
241 2709 359 2745 utilem,
372 2710 415 2743 ibi
429 2710 485 2744 fibi
497 2712 631 2746 domum
643 2711 821 2745 constituit.
1880 2722 1885 2728 ²

207 2758 343 2789 Seruauit
348 2767 524 2805 praeceptum
532 2761 561 2793 in
571 2759 702 2805 eligendo
711 2759 776 2793 loco
785 2761 968 2797 idoneo‚cum
977 2763 1053 2795 enim
1060 2761 1128 2806 efflet
1137 2771 1226 2796 natus
1233 2760 1370 2807 Mylasis,
1381 2763 1410 2794 in
1415 2759 1528 2803 finibus
1535 2762 1621 2795 Ioniae
1632 2782 1641 2797 ‚
1665 2765 1706 2798 ὠν
1715 2760 1806 2793 caria
1816 2783 1825 2795 ‚
1834 2769 1892 2791 non

157 2810 257 2837 tamen
267 2802 395 2846 ibifiiam
403 2809 513 2852 regiam
516 2805 691 2850 fabricauit,
694 2809 746 2850 sed
754 2810 794 2842 ad
800 2810 888 2854 pedes
896 2812 987 2843 Tauri
993 2813 1101 2844 montis
1110 2813 1258 2844 maritimo
1266 2804 1333 2843 loco
1353 2808 1591 2852 Halicarnaffitm
1599 2808 1686 2853 elegit
1696 2829 1706 2844 ,
1716 2805 1767 2840 ubi
1780 2808 1892 2852 princi-

156 2860 226 2895 pum
234 2854 343 2897 Regias
354 2855 519 2893 collocaret,
530 2856 606 2891 hanc
615 2857 769 2903 Zephiram
776 2859 860 2903 prius
870 2860 1056 2892 nominauere
1066 2881 1076 2896 ‚
1094 2862 1227 2893 imitatus
1233 2858 1416 2894 Alexandri}
1425 2879 1436 2894 ‚
1449 2858 1499 2902 qui
1506 2858 1698 2891 Dinocratem
1714 2862 1869 2888 monuerat
1882 2875 1892 2891 ,

153 2910 191 2933 ne
205 2903 234 2933 in
243 2900 335 2936 Atho
345 2901 497 2936 ciuitatem
504 2904 652 2942 conderet,
656 2905 709 2948 βά
717 2905 916 2941 Alexandriae
925 2905 1088 2953 opportuno
1101 2907 1177 2944 loco,
1189 2904 1396 2953 commodoque
1404 2913 1548 2938 uteretur.
1559 2903 1675 2951 Mylasa
1686 2905 1791 2950 inquit,
1802 2908 1890 2937 Stra-

154 2946 194 2982 bo
206 2948 261 2983 lib.
272 2951 348 2996 xiiij.
360 2953 389 2983 in
400 2958 503 2998 campo
512 2954 608 2986 iacent
616 2955 773 2988 admodum
775 2951 874 2998 fertili
882 2976 893 2991 ,
905 2957 931 2988 ei
932 2955 1026 3001 fitpra
1037 2958 1178 2990 uerticem
1186 2967 1271 2989 mons
1279 2956 1409 2988 imminet
1417 2975 1427 2990 ‚
1437 2955 1534 2999 inquo
1544 2952 1629 2987 albus
1640 2952 1716 2998 lapis
1732 2952 1869 2997 effoditur
1880 2971 1891 2986 ›

153 3007 212 3030 non
219 3007 316 3044 parua
327 2999 462 3045 profec'lo
471 3000 585 3034 utilitas
594 3000 631 3043 eft
639 3024 649 3039 ‚
658 3010 724 3036 cum
732 3004 770 3037 ad
781 3011 885 3036 caetera
894 3003 1013 3045 aedificia
1024 3025 1035 3041 ‚
1044 3011 1107 3038 tum
1115 3006 1159 3038 ad·
1171 3004 1347 3051 templorum
1356 3022 1366 3040 ‚
1378 3007 1419 3041 (φ’
1433 3001 1559 3035 aliorum
1564 3000 1752 3048 publicorum
1772 3006 1892 3045 operum

77 3043 124 3077 60
152 3044 295 3090 fabricas
302 3046 478 3095 lapidariam
486 3051 601 3097 copiam
609 3049 730 3092 habere,
741 3051 801 3088 hac
811 3052 888 3087 enim
896 3051 969 3086 urbs
979 3057 1024 3092 &-
1030 3051 1248 3099 porticibun&
1257 3050 1374 3099 templis
1379 3049 1580 3099 pulcherrime
1588 3049 1732 3084 instructa
1741 3045 1821 3089 8³7³st
1831 3056 1893 3127 ‘lizia

1584 3104 1608 3133 F
1660 3108 1675 3140 3
1821 3106 1839 3127 a
1853 3105 1896 3134 ia,-
