2195 3313
323 60 390 94 ωε
1004 51 1315 98 ιιΒΕή

311 133 505 181 compositum
509 144 603 179 genus
611 133 665 165 hoc
673 133 784 177 potius,
794 129 884 178 qudm
894 130 942 164 illo
949 130 1114 174 commenfic
1120 132 1288 179 partiatur,
1298 139 1473 176 quanquam
1481 127 1559 163 libro
1567 130 1670 176 quinto
1681 130 1762 163 Vitr.
1775 130 1846 163 dum
1853 130 1888 164 de
1919 132 1983 165 odio
1986 130 2057 174 fte-

312 195 354 218 ηε
365 183 509 231 loquitur,
519 194 557 214 cx
567 182 655 214 tertia
660 177 1039 226 partefizciatftylobatas,
1051 180 1121 213 dum
1133 190 1187 214 eas
1197 180 1363 226 &podium
1374 180 1516 212 diametro
1527 176 1676 218 orchestra
1684 178 1850 224 respondere
1856 180 1890 213 de
1913 191 1963 213 ere
1972 181 2056 217 dicits

309 243 372 279 qux
378 233 478 274 forma
484 229 686 276 pulcherrima
694 226 731 269 eft
740 252 749 261 .
767 239 807 261 ex
815 230 905 261 tertia
909 236 1002 275 parte
1010 230 1082 262 item
1084 227 1196 275 sumpti
1195 226 1267 269 fiant
1269 226 1297 268 st
1317 225 1423 260 lobatae
1438 229 1468 260 in
1475 238 1548 260 arcu
1558 232 1588 261 V
1589 237 1680 259 eronae
1697 228 1805 260 ueteris
1813 225 1898 268 castri
1906 250 1916 265 ,
1927 238 2001 276 opus
2009 228 2056 263 eft

311 279 495 315 Corinthium
505 276 661 319 &fictione
667 274 831 324 probatum
842 301 851 310 .
867 288 906 311 ex
913 285 1024 323 quarta
1026 276 1111 319 sunt,
1122 278 1172 325 qui
1182 279 1211 310 in
1219 239 1432 322 amphyiteatro,
1443 276 1521 322 quod
1533 274 1675 318 Colifi’um
1682 283 1802 312 uocant,
1812 277 2057 323 Rpmaespeblam-

309 337 361 362 tur
372 353 380 362 .
390 333 437 361 Ex
444 334 552 372 quarta
562 330 603 363 <sy
611 325 729 359 dimidia
742 326 865 360 Traiani
874 336 963 358 arcus
970 326 1010 358 ad
1018 328 1192 359 memoriam
1201 326 1341 358 Dacianae
1349 324 1476 357 uitioriae
1485 339 1497 364 ;
1505 325 1544 357 ad
1550 323 1708 358 ,Anchonce
1713 331 1836 369 portum
1857 333 1943 371 opere
1951 327 2055 360 Corin-

310 375 374 410 thio
385 373 557 418 stylobatas
559 372 668 415 fac‘t'as
680 372 810 414 ostendit.
821 380 930 420 Itaque
938 383 995 406 non
1004 374 1049 408 ef}
1057 383 1141 407 certa
1150 371 1319 407 altitudinis
1328 371 1549 419 stylobatarum
1558 374 1647 409 ratio,
1655 373 1699 405 ita
1709 380 1742 405 ut
1750 370 1810 405 haec
1819 393 1831 416 ⁹,
1849 372 1898 405 uel
1906 373 1955 406 illa
1965 395 1976 411 ,
1985 373 2056 408 huic

308 424 358 458 uel
369 417 416 457 illo
420 425 522 468 generi
524 421 567 465 fit
577 421 675 467 magis
680 423 805 469 propria
815 445 825 455 .
852 422 928 455 Illud
935 430 1034 455 tamen
1045 421 1232 464 obseruatum
1243 422 1288 455 est
1297 444 1307 458 ‚
1325 421 1404 468 quod
1413 420 1542 454 altitudo
1546 418 1766 466 stylobatarum
1782 420 1812 452 in
1816 428 1922 466 partes
1939 423 2006 455 otto
2017 421 2056 463 est

308 473 535 508 diuidendauma
544 482 583 504 ex
591 468 833 517 usfiiperioribus
841 468 983 512 partibus
991 492 1000 507 ‚
1013 476 1053 510 (9-
1061 468 1246 504 ornamentis
1254 471 1344 503 datur
1352 485 1364 510 ,-
1369 468 1441 511 sunt
1450 471 1525 502 enim
1533 478 1585 502 tan
1610 468 1678 502 ua'm
1687 466 1820 515 capitula
1823 465 2056 515 stylobatas-um,-

310 523 371 557 dux
380 519 443 564 bafi
453 517 626 553 tribuuntur
639 541 650 556 ‚
660 517 778 564 reliquae
796 527 902 552 trunco
911 520 1006 552 medio
1017 543 1025 552 .
1052 518 1134 562 Bafis
1144 527 1205 552 tres
1213 517 1305 552 habet
1310 526 1424 564 partes,
1435 519 1495 551 duae
1500 526 1558 564 pro
1566 481 1692 564 plintho,
1703 528 1762 551 una
1768 526 1826 564 pro
1835 516 1959 564 reliquis
1967 528 2057 552 orna-
2087 534 2132 560 η

309 570 416 604 mentis
424 591 434 606 ‚
445 569 590 601 interdum
600 576 700 600 autem
710 565 787 610 bafis
795 569 825 600 in
836 568 914 601 duas
920 575 1023 613 partes
1031 569 1171 601 diuiditur
1179 589 1189 604 ‚
1200 577 1325 614 quarum
1333 577 1392 600 una
1399 565 1517 612 plintho
1526 588 1536 603 ‚
1546 565 1663 612 reltqtia
1672 564 1793 612 reliquis
1800 564 1942 599 membris
1951 577 2058 601 conce—

308 618 390 652 ditur
399 630 408 650 :
421 618 521 661 magni
529 625 629 649 autem
638 616 731 659 refert
739 613 918 656 uenustatem
919 614 1041 657 seruare
1052 640 1061 653 ,
1071 621 1112 654 (φ
1120 615 1227 648 iudicio
1239 623 1343 661 partes
1351 615 1432 651 illas,
1442 613 1508 657 fiue
1513 616 1712 660 promineant,
1715 613 1782 658 siue
1791 613 2058 652 contrahantur‚de

302 667 441 712 formare
452 690 460 698 .
476 665 635 700 ,Addimus
644 675 754 697 morem
762 665 955 710 antiquorum
963 663 1051 706 fuisse
1062 664 1209 697 interdum
1221 661 1516 709 inftalijelobatarum
1531 661 1694 709 plinthides
1704 685 1715 700 ‚
1726 674 1814 696 unam
1831 672 1885 697 aut
1893 663 1972 697 duas
1980 663 2058 697 alias

310 715 468 749 collocare,
478 725 534 746 non
543 715 640 747 minus
648 712 738 749 altas,
749 711 838 758 qudm
839 710 881 754 fit
891 709 1246 758 uniuerfizstylobatarum
1255 709 1342 755 basis,
1353 720 1388 745 ut
1394 712 1532 756 dignitas,
1543 716 1583 749 ὠ·
1585 710 1738 753 firmitudo
1747 713 1843 758 operis
1851 711 2058 745 conflarebas

304 762 467 811 plinthides
470 760 641 803 stereobata
645 761 768 807 proprie’
775 761 834 793 dici
841 758 947 793 debere
949 768 1089 805 putarem
1098 782 1108 798 ,
1120 765 1160 799 ό]-
1170 762 1199 793 in
1221 759 1384 805 magnificis
1393 758 1531 806 operibus
1539 757 1657 807 lapidea
1664 782 1674 797 ‚
1683 768 1776 807 atque
1790 762 1880 794 etiam
1888 770 2059 794 marmorea

305 811 389 856 ficut,
399 821 451 844 nos
456 809 558 858 plures
561 811 678 853 formas
687 820 726 841 ex
733 809 865 856 antiquis
874 807 1074 855 descripsimus
1082 811 1111 842 in
1114 807 1315 856 superioribus
1323 810 1424 842 aedimn
1433 808 1697 852 deformationibus
1707 833 1717 842 .

360 860 394 893 G
409 870 430 893 R
443 871 463 891 A
479 870 501 891 1)
515 872 531 892 v
546 871 557 890 s
588 859 619 890 in
631 855 789 889 fronteita
800 856 1015 890 constituendi
1025 855 1095 891 sunt
1105 882 1116 896 ,
1127 856 1243 891 utilint
1253 856 1372 903 semper
1382 858 1538 903 impares,
1548 869 1673 904 nanque
1691 869 1764 891 cum
1776 856 1890 892 dextro
1902 857 1981 905 pede
1992 857 2059 904 prl-

310 920 381 943 mus
393 907 508 953 gradus
517 904 703 939 ascendatur
711 930 721 943 ,
733 905 809 938 item
821 905 853 938 in
864 904 990 939 summo
1000 906 1124 952 templo
1143 906 1264 953 primus
1283 906 1343 939 crit
1353 905 1527 952 ponendus
1537 931 1546 940 .
1577 903 1809 939 crassitudines
1827 917 1933 940 autem
1943 919 2059 942 eorum

314 957 472 1003 graduum
483 955 523 988 ita
535 952 689 987 finiendas
701 951 831 990 censeo,
841 964 876 987 ut
884 965 988 999 neque
998 952 1162 988 crassiores
1172 954 1318 988 dextante
1329 980 1337 992 ‚
1350 966 1454 1001 neque
1463 954 1626 988 tenuiores
1638 953 1794 988 dodrante
1804 954 1863 989 fint
1875 956 2060 990 collocatae.-

310 1007 361 1039 δί(
371 1005 456 1038 enim
469 1003 565 1037 durus
576 1015 642 1036 non
652 1001 712 1035 erit
721 1000 860 1035 ascensus
870 1026 879 1036 .
907 1003 1132 1038 Retrafflones
1141 1015 1247 1037 autem
1260 1001 1415 1050 graduum
1427 1015 1485 1036 nec
1496 1003 1603 1036 minus
1619 1002 1717 1050 qufim
1730 1001 1962 1050 sexquipedales
1972 1026 1982 1042 ‚
1998 1017 2056 1038 nec

309 1052 474 1100 plusquam
484 1050 644 1099 bipedales
654 1048 804 1085 faciendae
815 1050 965 1086 uidentur
973 1076 983 1087 .
994 1053 1076 1087 Item
1086 1050 1107 1087 fi
1118 1053 1200 1088 circa
1210 1051 1310 1086 aedem
1322 1051 1439 1101 gradus
1448 1049 1546 1087 futuri
1555 1050 1628 1087 sunt
1636 1077 1646 1092 ,
1654 1051 1695 1085 ad
1704 1052 1841 1087 eundem
1851 1053 1987 1088 modum
1998 1052 2059 1087 fie-

310 1103 337 1136 n'
348 1102 466 1135 debent
477 1126 486 1135 .

356 1157 402 1185 De
411 1161 543 1188 numero,
554 1155 594 1189 (y-
596 1149 670 1193 situ,
682 1149 864 1193 &mensura
875 1153 1026 1197 graduum
1040 1161 1188 1200 praecepta
1211 1153 1321 1187 dantur
1330 1151 1459 1187 hocloco
1470 1177 1479 1186 .
1506 1153 1623 1187 Gradus
1629 1161 1729 1188 autem
1741 1154 1770 1187 in
1774 1153 1875 1195 fronte
1883 1174 1894 1190 ,
1913 1160 1969 1186 aut
1976 1152 2059 1186 circa

310 1201 400 1235 adem
423 1196 649 1240 constituuntur.
659 1198 691 1232 hi
698 1210 817 1233 numero
826 1201 955 1246 impares
963 1200 1017 1245 effe
1025 1199 1133 1235 debent
1142 1226 1151 1235 .
1161 1203 1240 1236 ratio
1252 1200 1300 1243 est,
1310 1210 1343 1236 ut
1352 1203 1457 1236 dextro
1463 1203 1539 1248 pede
1544 1203 1642 1248 primo
1650 1202 1989 1245 ascendentes‚dextrum
1998 1211 2059 1247 quo

308 1260 369 1296 que
373 1249 477 1295 pedem
484 1249 512 1279 in
521 1246 663 1293 templum
669 1257 816 1294 ponamus
824 1274 833 1282 .
851 1250 1021 1283 ominatum
1029 1251 1074 1284 est
1083 1251 1157 1283 enim
1165 1251 1271 1284 dextro
1274 1252 1351 1297 pede
1358 1249 1499 1297 templum
1508 1251 1622 1295 ingredi
1631 1275 1640 1284 .
1650 1262 1708 1284 non
1717 1252 1789 1285 dicit
1797 1256 1829 1285 V
1828 1252 1879 1284 itr.
1885 1251 2000 1294 gradus
2008 1260 2059 1283 ma

306 1298 357 1342 gis
365 1305 436 1335 tres,
449 1294 538 1342 qua'm
541 1295 654 1342 septem
663 1318 673 1333 ,
684 1305 738 1330 aut
749 1308 853 1330 nouem
862 1296 916 1341 effe
923 1296 1029 1332 debere
1037 1321 1047 1336 ‚
1059 1299 1144 1332 modo
1160 1300 1258 1346 impar
1267 1310 1367 1333 eorum
1369 1299 1412 1343 sit
1428 1310 1567 1333 numerus
1577 1323 1586 1332 .
1611 1305 1726 1334 Verum
1736 1301 1765 1333 in
1780 1300 1912 1346 ant-quis
1921 1297 2060 1344 operibus

310 1346 490 1379 nouenarius
499 1346 683 1379 numerusad
689 1347 831 1379 maiorem
833 1345 979 1388 summam
987 1357 1045 1380 non
1053 1347 1191 1390 ascendit,
1203 1346 1275 1392 &fi
1281 1347 1385 1394 plures
1393 1359 1498 1382 nouem
1502 1349 1617 1393 gradus
1623 1350 1735 1382 inuenti
1737 1347 1809 1390 ficut
1818 1372 1827 1385 ,
1836 1347 1960 1394 planum
1967 1348 2062 1380 inter-

309 1392 410 1438 ccffit,
423 1394 502 1440 quod
511 1404 564 1426 nos
574 1395 703 1440 requiem
712 1405 855 1427 uocamus
865 1396 913 1429 ,id
915 1394 1039 1442 planum
1047 1395 1142 1430 latum
1158 1405 1243 1434 erat,
1253 1397 1297 1430 ita
1312 1405 1347 1430 ut
1355 1397 1430 1435 duo,
1439 1405 1494 1430 aut
1508 1405 1572 1430 tres
1584 1396 1699 1442 gressus
1715 1395 1862 1438 conficere
1877 1398 1907 1429 in
1923 1407 1956 1429 eo
1963 1393 2061 1442 poffi’-

310 1453 376 1476 mus
387 1466 395 1475 .
415 1442 658 1476 'Pracinllionem
666 1444 695 1475 in
704 1442 832 1476 theatris
840 1444 870 1477 id
873 1443 999 1490 planum
1006 1453 1098 1478 uocat
1106 1450 1137 1480 V
1137 1447 1188 1479 itr.
1199 1451 1272 1480 Cum
1280 1457 1351 1479 uero
1359 1445 1408 1479 hic
1415 1447 1497 1479 dicat
1522 1449 1535 1488 {
1547 1446 1623 1478 idem
1631 1448 1660 1479 in
1667 1445 1778 1485 [ummo
1787 1443 1901 1490 templo
1907 1446 2022 1490 primus
2029 1454 2063 1476 e-

309 1493 351 1524 rit
358 1491 506 1537 ponendus
517 1491 530 1531 }
557 1492 670 1524 monuit
673 1500 730 1537 per
736 1489 838 1537 plures
847 1491 936 1539 qudm
943 1501 1005 1526 tres
1007 1496 1120 1538 gradus
1128 1495 1168 1527 ad
1176 1495 1248 1528 ⁴edes
1255 1493 1403 1538 ascensum
1406 1492 1501 1538 susse,
1502 1492 1684 1541 fiammumq';
1688 1495 1894 1540 pauimentmn
1903 1491 2007 1538 templi
2015 1494 2060 1525 in-

310 1539 418 1584 telligit
426 1559 435 1575 ‚
447 1543 488 1577 &⁸
496 1537 676 1580 maiestatem
683 1540 832 1586 quandam
838 1541 944 1583 frontis
960 1541 1089 1587 designat
1099 1567 1108 1576 .
1135 1549 1204 1576 Haec
1213 1544 1249 1576 de
1268 1553 1388 1576 numero
1398 1565 1408 1580 ,
1420 1548 1460 1582 &
1463 1541 1526 1586 situ
1539 1543 1692 1588 graduum
1701 1566 1710 1576 .
1736 1546 1833 1587 NJinc
1842 1542 1882 1575 ad
1891 1540 2040 1583 menfiiras
2049 1565 2060 1575 .

310 1593 376 1622 Pes
383 1586 560 1630 ascendendo
571 1587 708 1622 eleuatur
719 1610 730 1626 ,
741 1589 805 1622 inde
817 1590 988 1623 extenditur
998 1615 1007 1623 .
1028 1593 1161 1638 Spatium
1171 1592 1242 1625 illud
1242 1592 1358 1636 gradus
1369 1614 1379 1629 ,
1387 1593 1467 1638 quod
1474 1590 1638 1625 eleuatione
1643 1591 1726 1638 pedis
1729 1590 1768 1633 fit
1775 1613 1785 1628 ‚
1790 1591 1906 1636 gradus
1923 1590 2063 1632 crassitu-

310 1638 348 1670 do
356 1644 482 1669 uocatur
492 1660 501 1669 .
528 1638 663 1682 Spatium
672 1648 743 1671 uero
756 1638 836 1682 quod
843 1638 962 1680 extenso
968 1641 1043 1685 pede
1052 1638 1189 1673 calcatur
1196 1662 1206 1677 ‚
1218 1640 1360 1674 retraclio
1363 1641 1479 1685 gradus
1485 1642 1655 1673 nominatur
1664 1665 1673 1673 .
1693 1638 1854 1684 Craffitudo
1865 1660 1874 1675 ,
1892 1637 1949 1671 hoc
1959 1638 2004 1671 es’t
2013 1636 2062 1671 al-

309 1685 407 1718 titudo
411 1695 470 1729 gra
475 1686 531 1718 dus
539 1707 550 1722 ‚
560 1693 594 1718 ut
604 1687 771 1719 commodus
773 1684 817 1728 fit
825 1685 968 1730 ascensus,
979 1699 1018 1722 ex
1026 1689 1175 1724 duodecim
1183 1689 1321 1734 partibus
1325 1690 1410 1735 pedis
1419 1710 1428 1727 ‚
1439 1699 1495 1722 non
1501 1687 1571 1735 plus
1582 1689 1681 1722 decem
1690 1710 1700 1725 ,
1719 1700 1772 1722 nec
1780 1690 1875 1721 minus
1889 1697 1993 1720 nouem
2001 1685 2063 1719 ha-

310 1730 381 1767 bere
389 1731 475 1766 debet
484 1757 493 1767 .
522 1739 584 1767 ‘Pes
593 1735 622 1766 in
637 1735 788 1769 duodecim
795 1736 899 1768 uncias
905 1737 1049 1781 partitur,
1061 1736 1160 1769 decem
1167 1737 1257 1769 unciae
1264 1737 1411 1774 dextans,
1421 1747 1527 1769 nouem
1537 1758 1546 1772 ‚
1562 1737 1691 1770 dodrans
1708 1739 1896 1770 nominantur
1906 1760 1915 1769 .
1949 1740 1980 1770 V
1981 1736 2063 1768 ncias

309 1792 366 1814 nos
376 1782 483 1825 digitos
495 1781 603 1825 crassos
612 1795 754 1817 uocamus
763 1809 772 1818 .
798 1784 1004 1827 Retratliones
1006 1785 1156 1831 graduum
1165 1783 1214 1817 uel
1220 1785 1293 1817 duos
1296 1784 1387 1830 pedes
1394 1805 1405 1820 ‚
1415 1782 1467 1818 uel
1473 1795 1564 1817 unum
1571 1795 1639 1818 cum
1648 1785 1765 1819 dimidio
1779 1785 1883 1832 pedem
1896 1792 2003 1831 patere
2012 1783 2063 1817 de-

310 1827 380 1864 bent
390 1855 400 1870 ‚
412 1838 505 1876 atque
513 1829 574 1864 hac
584 1831 715 1874 mensura
725 1831 907 1875 obseruanda
916 1833 961 1867 es}
964 1832 1029 1876 fiue
1034 1842 1090 1880 pro
1093 1833 1193 1875 fronte
1202 1855 1211 1870 ,
1217 1831 1283 1876 fine
1291 1833 1402 1866 circum
1412 1833 1485 1866 aedes
1488 1834 1605 1878 gradus
1607 1835 1740 1880 ponendi
1739 1833 1823 1878 fiint.

361 1880 381 1912 S
398 1889 408 1910 1
425 1889 448 1911 N
474 1889 580 1911 autem
591 1880 671 1912 circa
682 1879 782 1913 aedem
794 1892 830 1914 ex
841 1880 943 1913 tribus
955 1881 1106 1914 lateribus
1118 1881 1254 1927 podium
1266 1879 1448 1914 faciendum
1458 1882 1530 1920 erit,
1539 1880 1623 1915 adid
1634 1879 1857 1920 constituatur,
1867 1881 1913 1915 uti
1923 1879 2063 1928 quadrae,

309 1925 400 1974 spirae
415 1949 424 1964 ‚
435 1927 539 1960 trunci
550 1952 558 1967 ‚
568 1926 635 1972 lysis
646 1951 656 1966 ,
665 1927 704 1961 ad
716 1926 815 1973 ipsum
825 1927 1014 1972 stylobatam
1024 1953 1034 1968 ,
1053 1929 1107 1975 qui
1127 1929 1186 1961 erit
1198 1926 1253 1962 sub
1279 1930 1437 1962 columnae
1447 1926 1537 1974 spiris
1547 1952 1557 1968 ,
1567 1931 1741 1964 conueniat
1752 1955 1760 1964 .
1772 1929 1961 1974 stylobatam
1971 1930 2014 1962 ita
2023 1940 2062 1961 0-

310 1987 422 2024 portet
432 1987 473 2009 ex
481 1977 607 2021 aequari‚
620 1977 665 2010 uti
678 1975 791 2010 habeat
801 1987 857 2020 per
866 1976 1007 2010 medium
1017 1976 1230 2010 adieetioncm
1241 1989 1297 2024 per
1306 1975 1461 2011 scamillos
1469 1977 1606 2023 impares
1616 2001 1625 2011 .
1638 1978 1668 2010 Si
1679 1979 1763 2011 enim
1773 1978 1812 2010 ad
1831 1977 1970 2010 libellam
1982 1977 2061 2011 diri-

2088 1030 2135 1053 20

2092 1523 2137 1560 30

312 2024 603 2072 getur,alueolatus
616 2025 714 2058 oculo
727 2024 891 2058 uidebitur
902 2049 913 2059 .
939 2024 1018 2058 Hoc
1027 2035 1135 2060 autem
1149 2026 1197 2061 uti
1206 2023 1335 2062 scamilli
1349 2025 1387 2060 ad
1397 2025 1431 2061 id
1442 2026 1671 2060 conuenienter
1680 2024 1756 2060 fiat.
1776 2028 1857 2059 Item
1867 2026 1899 2059 in
1910 2036 2059 2061 extremo
2087 2015 2137 2050 4⁰
2191 2014 2195 2023 ³

311 2072 398 2108 libro
409 2071 514 2106 forma
524 2096 534 2112 ,
543 2076 575 2106 δε
587 2071 822 2108 demonstratio
831 2073 890 2107 erit
898 2071 1052 2120 descripta
1062 2099 1072 2109 .

363 2127 451 2156 Circa
460 2122 533 2155 aedes
538 2123 659 2168 podium
668 2133 709 2156 ex
716 2120 814 2157 tribus
819 2120 957 2170 partibus
965 2122 1098 2164 constitui
1108 2126 1190 2158 Vitr.
1203 2125 1285 2161 dicit,
1297 2135 1366 2158 nam
1373 2136 1393 2158 a
1400 2125 1497 2165 fronte
1501 2125 1619 2170 gradus
1626 2133 1712 2159 erant
1720 2147 1730 2162 ‚
1741 2136 1825 2159 nemo
1843 2126 1933 2158 etiam
1954 2132 2041 2158 uetat
2048 2145 2062 2162 ,

313 2171 386 2218 quin
400 2175 441 2208 (9-
447 2168 557 2216 postico
560 2172 677 2215 gradus
685 2172 826 2205 darentur
835 2195 845 2205 .
863 2172 992 2205 ‘Podium
1001 2181 1066 2206 erat
1074 2180 1218 2220 tanquam
1226 2174 1397 2207 maenianum
1409 2196 1419 2211 ‚
1428 2175 1508 2220 quod
1516 2185 1568 2207 nos
1574 2172 1739 2221 pozuolum
1752 2171 2061 2214 uocamus,constabat

313 2227 417 2255 autem
426 2220 586 2252 continenti
593 2220 633 2252 ad
639 2217 818 2254 ftereobatis
836 2220 955 2254 modum
956 2218 1080 2263 fhbrica
1089 2245 1097 2252 .
1128 2219 1188 2254 Sub
1198 2221 1342 2255 columnis
1351 2220 1582 2268 enimflylobatae
1595 2220 1694 2268 posita
1702 2231 1788 2256 erant
1798 2245 1807 2259 ,
1820 2224 1896 2255 inter
1904 2221 2062 2255 columnas

313 2275 415 2301 autem
424 2277 491 2300 cum
494 2264 650 2312 stylobatis
658 2268 830 2302 coniunctus
839 2276 905 2303 erat
913 2268 1057 2306 mamilus,
1066 2268 1116 2303 uel
1125 2271 1285 2303 continenti
1295 2269 1393 2316 lapide
1403 2293 1412 2307 ‚
1423 2270 1472 2304 uel
1479 2269 1637 2304 columellis
1646 2275 1687 2310 ρῇ-
1706 2269 1856 2317 balaustijs
1863 2269 2040 2317 interpositis
2047 2290 2060 2307 ‚

313 2316 391 2350 unde
399 2315 568 2362 prospeft'us
576 2325 642 2350 erat
649 2341 659 2350 .
687 2318 777 2362 ‘Podij
784 2317 887 2363 regula
895 2315 933 2358 esi
942 2328 987 2355 ea,
996 2326 1031 2351 ut
1041 2329 1076 2351 ea
1086 2316 1230 2356 membra,
1240 2317 1461 2366 quaeflylobatae
1477 2316 1588 2353 habent
1596 2342 1606 2357 ,
1624 2320 1725 2353 cadem
1737 2325 1778 2359 &⁶
1792 2321 1913 2367 podium
1928 2317 2040 2353 habeat
2049 2341 2060 2351 .

313 2374 379 2446 τιατ
387 2372 488 2397 autem
495 2362 630 2397 membra
639 2363 906 2412 habereftylobata
914 2364 1103 2404 debent‚dicit
1113 2365 1179 2410 effe,
1188 2368 1428 2414 quadras‚ffiir.is,
1441 2376 1712 2405 truncos‚coronas‚
1724 2367 1792 2412 lffls
1801 2391 1811 2406 ‚
1823 2369 1853 2402 id
1862 2366 1900 2408 esi
1906 2366 2039 2414 plinthos
2046 2387 2058 2403 ,

337 2411 410 2455 asts,
418 2411 596 2461 planiam&
608 2422 794 2460 exaequatum
803 2416 940 2452 medium,
951 2416 1104 2449 coronices
1112 2436 1122 2452 ,
1132 2414 1268 2461 &gulas
1277 2438 1286 2454 ‚
1299 2428 1361 2462 quae
1370 2417 1466 2450 omnia
1475 2415 1608 2450 membra
1616 2439 1627 2453 ‚
1637 2422 1678 2456 ύ-
1692 2411 1796 2463 partes
1801 2417 1922 2464 podium
1942 2425 2060 2462 quoque

314 2459 426 2494 habere
436 2459 524 2494 debet
533 2486 542 2494 .
553 2463 609 2495 Sed
617 2462 675 2496 hoc
682 2461 1044 2509 interest,quodftylobata
1052 2463 1289 2511 refilit,extatq;.
1299 2466 1428 2499 ‘Podium
1436 2476 1505 2499 uero
1515 2466 1544 2498 in
1548 2474 1667 2511 partem
1677 2466 1866 2499 contrahitur
1873 2465 2055 2497 interiorem.

314 2508 649 2556 Extantiamlijtlobatae
658 2517 740 2545 Vitr.
750 2511 942 2546 adzeflionem
951 2514 1092 2550 nominat,
1101 2513 1306 2546 retractionem
1315 2525 1387 2548 uero
1392 2515 1473 2561 podij
1481 2536 1491 2551 ,
1500 2514 1531 2548 id
1538 2511 1576 2554 esl
1596 2515 1737 2561 quicquid
1744 2512 1782 2555 est
1804 2515 1881 2546 inter
1889 2509 2060 2558 stylobatas
2091 2506 2136 2543 5⁰

314 2556 499 2594 alueolatum
508 2566 608 2592 uocat.
618 2561 758 2606 quicquid
764 2570 835 2593 uero
840 2567 896 2607 per
897 2558 1046 2601 scamillos
1055 2560 1199 2606 intelligat
1209 2583 1218 2598 ‚
1228 2571 1299 2608 quat
1304 2573 1374 2596 enus
1382 2564 1422 2596 ad
1432 2574 1493 2596 rem
1500 2564 1631 2609 pertinet
1638 2584 1649 2599 ,
1659 2571 1762 2596 notum
1782 2559 1820 2602 esi
1828 2582 1838 2597 ‚
1851 2569 1999 2607 quatenus
2006 2566 2060 2593 ue*

315 2617 351 2640 ro
359 2607 399 2640 ad
407 2617 522 2644 nomen,
530 2606 647 2653 difficile
654 2609 711 2645 efl,
720 2610 859 2654 quoniam
867 2619 901 2641 eo
908 2607 1055 2641 uocabulo
1075 2609 1170 2642 nullos
1178 2609 1255 2643 alios
1264 2610 1331 2652 usos
1339 2612 1455 2644 memini
1464 2622 1510 2644 me
1519 2610 1659 2655 audiuisse
1671 2632 1680 2648 ,
1693 2609 1741 2643 uel
1748 2608 1846 2655 legiffi’
1855 2633 1864 2642 .
1905 2608 2062 2643 Camillum

315 2656 346 2688 in
359 2668 394 2697 4.
404 2653 481 2688 libro
486 2664 542 2702 pro
551 2654 748 2690 loculamento
754 2658 886 2703 ponitur,
897 2657 925 2689 in
934 2668 992 2702 quo
1004 2655 1117 2704 aliquid
1125 2658 1350 2696 collocata-meos
1359 2661 1435 2693 enim
1444 2660 1523 2707 quad
1528 2671 1577 2692 ros
1587 2661 1771 2692 nominamus
1778 2680 1789 2695 ‚
1801 2659 1831 2692 id
1848 2657 1893 2692 eft
1909 2658 2062 2703 margina-

315 2711 365 2737 tas
375 2701 508 2740 tabulas,
516 2705 545 2736 in
556 2703 664 2753 quibus
669 2704 789 2752 pillum·
792 2713 944 2751 ponuntur
953 2729 962 2737 .
970 2704 1082 2752 >Itemq;
1094 2705 1212 2752 capfitm
1222 2706 1316 2741 rheda
1328 2729 1338 2745 ,
1356 2713 1396 2747 ώ-
1404 2709 1537 2754 tympani
1548 2705 1768 2754 receptaculum
1784 2707 1932 2741 camillum
1941 2706 2000 2740 dici
2003 2714 2062 2752 po-

314 2752 386 2787 test,
398 2756 438 2790 Θ*
447 2752 562 2786 demum
570 2754 712 2800 quicquid
719 2764 781 2787 rem
789 2764 878 2786 unam
886 2752 926 2787 ab
934 2752 996 2787 alia
999 2753 1123 2799 separat
1131 2776 1141 2791 ,
1160 2756 1236 2788 unde
1243 2760 1352 2802 Apum
1370 2757 1445 2790 cellae
1463 2756 1571 2790 camilli
1589 2757 1728 2789 dicuntur
1736 2779 1746 2789 .
1782 2761 1854 2790 Cum
1865 2757 1956 2800 igitm
1966 2751 2062 2800 §tylo-

315 2796 390 2832 bata
400 2802 595 2845 promineant,
607 2803 727 2848 podium
736 2801 921 2839 retrahatur,
931 2803 1048 2835 uidetur
1051 2803 1173 2847 podium
1185 2802 1239 2845 effe
1247 2803 1476 2838 loculamentum
1488 2804 1636 2851 quoddam
1647 2827 1656 2837 .
1667 2805 1746 2851 quod
1749 2802 1777 2847 fi
1779 2803 1946 2847 scamillum
1954 2814 1974 2835 a
1977 2802 2063 2846 scam

315 2857 356 2880 πο
365 2847 490 2881 ducatur
499 2871 509 2885 ‚
521 2854 562 2887 (θ’
570 2849 739 2894 stylobatas
747 2859 891 2897 tanquam
893 2849 925 2892 sc
930 2848 1028 2884 abella
1037 2848 1091 2893 effi·
1099 2850 1299 2896 intelligantur
1310 2875 1319 2889 ‚
1337 2853 1413 2887 idem
1414 2851 1512 2899 sensus
1529 2853 1585 2886 erit
1592 2867 1603 2892 ;
1612 2860 1704 2899 atque
1712 2852 1769 2886 hoc
1783 2850 1822 2895 est
1830 2852 1910 2899 quod
1926 2852 1971 2884 ait
1978 2850 2063 2885 Vitr-

317 2893 503 2941 ssylobatam
512 2898 555 2929 ita
565 2906 681 2943 oportet
692 2901 851 2945 exaequari,
861 2908 895 2933 ut
904 2898 1017 2933 habeat
1021 2907 1077 2944 per
1086 2900 1211 2932 medium
1229 2900 1421 2935 adiectionem
1426 2909 1481 2947 per
1482 2899 1631 2943 scamillos
1649 2903 1777 2948 impares
1787 2925 1795 2934 .
1808 2899 1836 2944 fi
1844 2901 1919 2934 enim
1928 2899 1968 2932 ad
1975 2895 2064 2931 libel-

317 2942 380 2977 lam
388 2943 532 2988 dirigetur
546 2943 714 2979 alueolatus
722 2946 808 2980 oculo
821 2946 979 2984 uidebitur,
990 2947 1020 2979 id
1028 2946 1072 2980 est
1077 2946 1106 2989 fi
1112 2956 1256 2993 perpetua
1266 2970 1275 2985 ‚
1285 2955 1326 2989 &⁴
1335 2957 1489 2996 exaquata
1501 2947 1654 2993 stylobata!
1663 2972 1672 2986 ‚
1685 2956 1727 2989 όν
1738 2950 1821 2997 podiq'
1832 2947 1971 2996 planities
1986 2947 2044 2979 erit
2051 2968 2064 2984 ,

316 2990 486 3028 alueolatus
502 2991 590 3027 oculo
599 2992 749 3028 uidebitur
758 3015 769 3033 ‚
777 2996 855 3042 quod
868 2995 1056 3034 indecms-est
1065 3019 1073 3029 .
1084 3006 1154 3029 nam
1159 2997 1280 3044 podium
1287 2999 1472 3044 continenter
1488 2990 1555 3032 cum
1563 2998 1665 3036 ordine
1685 2997 1891 3036 columnarum
1907 2995 2043 3079 gopegiit
2051 3018 2065 3028 ·
2093 2998 2147 3034 60

487 3064 492 3067 -
1934 3055 1958 3091 y
1973 3055 1988 3078 ο
2011 3050 2068 3078 atae
