2241 3318
71 574 115 599 to

67 1067 114 1093 20

67 1559 112 1596 30

63 2053 112 2089 40

69 2542 112 2581 50

819 92 932 136 Ro
981 91 1182 135 τήν-3.
1827 101 1896 136 309

142 166 284 212 mursam
291 166 338 201 his
347 164 530 214 temporibus
538 171 587 201 tot
597 165 807 213 quadratum,
817 162 1899 213 radiorum,anulorum,regulam,cylindrorumaorquetorum,hemicy-

144 214 569 263 clioriuplanisphaeriorum,&·
582 222 754 249 caeterorum
762 214 1022 247 instrumentorum
1031 211 1295 260 multitudine,quae
1304 213 1375 248 olim
1383 226 1403 247 a
1410 211 1563 247 ueteribus
1572 222 1715 248 accurate
1722 215 1843 249 inuenta
1853 220 1895 253 &-

140 264 288 311 descripta
292 263 376 308 sunt.
403 262 553 298 Habenda
566 260 936 306 nihilominusgratiaefimt
944 262 990 305 ijs,
998 261 1051 307 qui
1049 258 1221 303 faciliorem
1230 261 1314 305 usum
1324 283 1334 298 ,
1344 267 1385 300 (9-
1393 263 1620 296 commodiorem
1630 262 1840 297 tral't‘ationem
1848 264 1894 296 in-

142 321 298 350 uenerunt,
307 311 357 347 uel
363 323 427 360 qua
437 310 564 355 obscura
576 318 673 348 erant,
684 315 725 349 eb
734 312 765 343 in
772 307 903 344 tenebris
910 307 1119 352 delitescebant
1127 330 1137 346 ,
1143 307 1238 349 studio
1246 331 1257 347 ,
1271 315 1313 349 φ
1321 309 1474 355 diligentia
1482 311 1522 344 ad
1530 322 1714 345 communem
1731 309 1894 345 utilitatem

140 359 306 410 protulere,
316 366 358 400 ύ-
367 358 516 408 praeclara
527 367 662 394 ueterum
673 359 795 392 inuenta
802 356 843 393 ab
851 356 1141 403 iniurijssaeculorum
1149 359 1351 392 uindicarunt.
1370 359 1428 392 Sed
1435 360 1475 392 ad
1484 370 1558 392 rem.
1568 358 1705 403 Insistam
1716 371 1770 404 ego
1777 370 1895 406 quoque

142 411 172 443 in
181 411 229 455 ijs,
237 420 300 458 quae
306 421 326 443 a
333 409 497 444 ‘Ptolomaeo
508 430 519 446 ,
534 413 576 447 θ’
592 407 801 442 commandino
812 407 892 440 iacta
896 405 966 448 fiant
968 406 1166 449 fundamenta
1178 427 1189 444 ,
1200 412 1242 445 (φ
1250 405 1458 440 analemmatis
1468 405 1550 450 ufiim
1559 429 1569 444 ,
1580 417 1725 454 quantum
1730 416 1836 453 potero
1840 407 1895 451 fa-

139 457 198 492 cile
205 456 377 505 explicabo,
386 456 633 493 Mathematicus
641 455 697 488 illis
706 452 965 496 demonstrationes
973 452 1153 501 relinquens.
1203 455 1293 500 Nulli
1302 452 1427 488 dubium
1435 454 1484 495 est,
1490 454 1795 502 {Solemtemporibus
1801 465 1894 503 atque

140 505 225 540 horis
231 505 312 553 alijs,
321 505 402 540 alias
413 503 598 541 altitudines,
610 508 650 543 ύ-
653 502 732 547 situs
742 502 822 537 alios
831 511 978 549 occupare
990 527 998 536 .
1027 503 1181 538 Cernimus
1189 505 1264 536 enim
1283 503 1385 538 aeftate
1393 505 1537 537 orientem
1546 525 1556 541 ,
1569 509 1610 542 (sy
1619 506 1773 538 cadentem
1782 503 1893 542 Solem,

138 555 266 589 duarum
275 560 318 594 (φ
327 552 456 602 amplius
465 551 609 587 horarum
614 551 711 599 spatio
719 549 759 585 ab
773 553 939 591 orientes&
947 551 1099 594 occidente
1101 550 1333 598 septentrionem
1343 551 1444 595 uersus
1454 551 1629 596 consurgere
1640 576 1649 585 .
1661 555 1808 586 cernimus
1818 565 1894 600 quo-

139 614 199 650 que
206 602 305 638 Solem
313 602 463 638 interdum
473 602 550 635 inter
558 599 719 637 orientem,
731 606 772 640 εὖ)
779 601 930 634 meridiem
939 622 949 637 ‚
960 604 1001 639 (r
1011 598 1041 634 in
1050 601 1169 634 meridie
1178 622 1187 637 ‚
1198 612 1235 634 ac
1251 601 1369 636 demum
1384 602 1425 635 ad
1439 601 1619 634 occidentem
1636 613 1655 633 a
1679 602 1799 634 meridie
1806 600 1894 635 incli-

139 652 305 698 nari,&i1's
313 648 497 697 temporibus
503 650 588 684 modo
598 647 735 686 altiores,
749 651 835 684 modo
844 647 1028 695 depreffiores
1038 647 1102 683 coeli
1108 657 1213 696 partes
1219 658 1320 682 tenere
1331 671 1341 687 ‚
1354 661 1417 696 quae
1427 650 1525 682 omnia
1548 646 1627 692 nosse
1639 657 1784 682 accurate
1796 658 1892 695 opor—

139 708 196 738 tet,
201 699 230 745 fi
235 702 298 735 eius
304 699 424 747 effecius
440 700 470 734 in
477 698 663 741 mundoftire
672 696 807 736 uelimus,
818 698 893 731 unde
901 698 1133 731 analemmatum
1148 696 1355 745 descriptiones
1370 704 1584 745 comparantur
1593 710 1604 729 :
1612 695 1688 740 nosse
1705 705 1809 731 autem
1830 708 1893 731 ex«

139 748 247 797 quisite
254 749 304 784 illa
316 759 374 783 non
378 748 555 798 poterimus,
566 745 620 791 nifi
629 745 729 782 lineas
741 745 909 785 multas‚&
918 744 1213 794 circulosangulosffi·
1226 745 1379 792 fingamus
1386 768 1397 785 ,
1416 743 1524 793 quibus
1530 744 1614 792 quasi
1631 744 1768 780 cancellis
1775 746 1894 791 pistorii

141 807 241 831 certos
250 795 408 840 Solisfitus
415 796 600 830 inueniamus
607 819 618 830 .
644 796 795 841 quniam
806 807 877 828 uero
888 792 1004 829 utlibet
1013 795 1042 828 in
1052 793 1171 838 diuersis
1176 794 1287 842 planis,
1297 794 1354 830 hoc
1364 792 1686 837 esifinitorimerticali,
1700 799 1741 832 φ
1752 794 1893 827 meridia—

140 857 178 880 no
190 848 211 891 (
217 847 253 880 de
259 844 368 892 quibus
368 843 501 892 superius
509 844 574 879 dixi
584 848 597 882 )
606 842 862 892 aquidistantihus
871 841 1014 884 conficere
1021 842 1145 878 horaria
1150 842 1300 890 possumus
1310 865 1321 882 ‚
1332 845 1395 879 ideo
1397 844 1476 887 scire
1494 841 1606 885 necesse
1620 841 1667 877 es‘i
1679 866 1689 880 ,
1708 843 1761 888 qui
1777 840 1892 879 circuli,

141 906 203 942 qua
210 893 291 928 linea
298 917 310 932 ‚
321 895 373 942 qui
379 891 491 940 anguli,
502 891 610 941 quibus
615 891 715 940 planis
731 892 904 936 inseruiant,
912 900 947 925 ut
955 890 1119 939 illispofitis
1127 900 1269 940 tanquam
1277 894 1421 931 terminis,
1430 891 1507 927 Solis
1515 892 1625 929 radios,
1635 901 1763 939 quorum
1772 889 1893 936 effet‘ius

138 945 169 977 in
180 943 287 978 mundo
294 943 467 989 conspicitur
481 950 537 988 per
537 951 728 987 gnomonem,
737 946 778 981 ζου
798 939 921 975 umbras
945 942 1050 974 uenari
1056 939 1192 988 poffimus
1200 965 1210 975 .
1237 943 1445 976 Formauimus
1451 948 1541 975 antea
1558 941 1618 975 tria
1623 938 1721 987 plana
1724 938 1892 981 finitorem,

139 991 294 1030 uerticale,
303 997 345 1031 ψ’
352 991 557 1030 meridianum·
568 990 732 1025 diametros
743 1000 864 1037 quoque
873 989 990 1023 illorum
994 988 1144 1037 posuimus
1153 1011 1164 1027 ,
1174 995 1216 1030 (y-
1224 991 1295 1037 quid
1310 990 1541 1037 unumquodque
1549 990 1679 1022 muneris
1689 985 1800 1021 habeat
1809 1009 1819 1025 ‚
1829 999 1893 1020 ex„

134 1040 298 1087 posiiimus;
306 1052 384 1074 nunc
391 1041 514 1075 dicimus
516 1037 635 1083 finxtffe
649 1048 703 1071 nos
711 1038 763 1073 illa
773 1040 908 1075 immota,
919 1042 959 1077 ά·
965 1040 1185 1085 permanentia,
1195 1043 1237 1078 (φ
1246 1038 1286 1073 ad
1294 1049 1330 1072 ea
1339 1049 1457 1086 quoque
1464 1039 1524 1072 tria
1540 1034 1664 1072 mobilia
1681 1036 1814 1070 addenda
1824 1033 1890 1079 effe,

139 1091 183 1123 ita
190 1098 225 1124 ut
230 1088 336 1132 finitor
344 1091 484 1123 immotus
484 1085 537 1131 sit,
548 1093 587 1126 (ξφ
592 1085 698 1129 finitor
708 1085 836 1125 mobilis,
847 1088 951 1134 itemq;
958 1085 1224 1129 uerticalisfirmus
1230 1109 1241 1125 ,
1252 1091 1294 1127 &⁴
1302 1085 1456 1122 uertit-alis
1464 1094 1574 1120 motus.-
1584 1086 1688 1122 eadem
1696 1086 1774 1118 ratio
1785 1086 1820 1118 de
1829 1095 1892 1117 me-

137 1139 254 1172 ridiano
261 1162 272 1172 .
284 1143 324 1178 (y-
332 1145 489 1172 moueatur
497 1133 650 1184 quodlibet
656 1133 766 1170 mobile
767 1135 860 1182 fiipra
869 1135 1045 1169 diametrum
1047 1134 1095 1178 sui
1103 1137 1217 1170 immoti
1228 1160 1237 1170 .
1266 1141 1332 1170 Iam
1355 1144 1458 1170 notum
1467 1133 1504 1177 esi
1515 1157 1525 1173 ‚
1536 1145 1598 1182 qux
1616 1133 1679 1178 sint
1698 1134 1838 1167 diametri
1855 1131 1893 1165 il-

138 1186 237 1221 lorum
241 1186 402 1234 planorum
410 1207 420 1224 ,
430 1196 499 1219 nam
502 1183 633 1226 finitoris
641 1196 660 1217 a
669 1181 756 1219 labro
773 1185 892 1218 orlentis
906 1185 946 1219 ad
954 1184 1089 1218 occidens
1097 1185 1277 1219 terminatur
1290 1208 1300 1218 .
1311 1183 1467 1220 uerticali5
1486 1196 1505 1217 a
1515 1183 1631 1227 summo
1649 1183 1761 1217 uertice
1769 1182 1809 1217 ad
1816 1183 1893 1216 imas

135 1233 193 1278 siib
201 1245 287 1270 terra
292 1243 406 1282 partes.
421 1234 575 1268 meridiani
585 1232 663 1267 linea
672 1234 836 1279 meridiana
845 1234 988 1268 diameter
995 1231 1146 1280 estsatque
1165 1244 1263 1268 omnes
1264 1232 1300 1276 se
1309 1234 1339 1266 in
1356 1241 1459 1267 centro
1475 1234 1575 1266 mundi
1593 1232 1633 1265 ad
1650 1231 1748 1267 reilos
1764 1229 1892 1275 angulos

133 1283 239 1327 secant
247 1308 257 1318 .
266 1286 298 1319 si
304 1295 375 1330 ergo
380 1282 486 1325 finitor
491 1283 606 1316 moueri
613 1280 758 1328 fingatur,
771 1287 812 1321 &
822 1282 1024 1325 circumsitum
1032 1282 1221 1320 diametrum,
1232 1291 1377 1329 tanquam
1386 1283 1467 1316 circa
1475 1291 1565 1316 axem
1572 1279 1680 1314 conuol
1682 1282 1722 1318 ui,
1733 1288 1814 1313 certe
1820 1288 1895 1325 pars

139 1344 200 1366 una
204 1332 296 1381 fiipra
299 1332 451 1375 finitorem
459 1330 638 1366 immobilem
645 1331 816 1368 extolletur,
827 1336 868 1370 &⁸
875 1330 974 1365 altera
982 1331 1162 1378 deprimetur
1172 1355 1181 1365 .
1207 1333 1241 1365 Si
1247 1342 1317 1365 uero
1327 1329 1482 1366 uerticalis
1499 1337 1663 1363 moueatur
1675 1350 1686 1366 ,
1703 1338 1777 1375 pars
1793 1327 1893 1361 altera

137 1383 363 1429 progredietur,
374 1379 472 1416 altera
488 1381 670 1426 regredietur
672 1379 764 1421 firma
773 1381 919 1414 diametro
929 1378 1081 1414 uerticalis
1092 1388 1289 1427 permanente
1304 1403 1314 1414 .
1340 1382 1372 1415 Si
1386 1381 1504 1414 demum
1520 1379 1702 1413 meridianus
1710 1374 1893 1414 monebitur,

136 1439 210 1477 pars
217 1429 316 1465 altera
323 1431 364 1465 ad
370 1429 522 1472 finitorem
526 1425 720 1475 proclinabit,
729 1427 827 1463 altera
834 1430 874 1464 ad
876 1427 1029 1470 finitorem
1038 1428 1196 1475 consurget
1208 1453 1217 1463 .
1244 1430 1303 1463 His
1309 1427 1411 1476 positis
1419 1428 1484 1463 es‘to
1500 1427 1553 1462 sot
1562 1428 1602 1462 ad
1617 1436 1722 1461 notum
1741 1423 1894 1472 gradibus

137 1480 338 1525 quadraginta
345 1490 366 1513 a
377 1477 501 1520 finitore
507 1476 878 1519 altus,moueaturfinitor‚
891 1483 932 1517 ά·
940 1486 1060 1512 tantum
1067 1478 1232 1513 extollatur
1248 1486 1283 1512 ut
1291 1486 1428 1513 centrum
1444 1475 1520 1511 Solis
1527 1477 1654 1510 medium
1656 1475 1738 1518 secet
1751 1496 1762 1512 ‚
1771 1485 1894 1511 mouea-

137 1535 190 1560 tur
195 1528 266 1561 item
274 1525 440 1563 uertit-alis,
449 1531 489 1565 φ
504 1527 714 1574 progrediatur
728 1527 768 1561 ad
785 1535 890 1561 notum
906 1526 994 1574 usque
1011 1538 1071 1574 quo
1091 1525 1190 1561 solem
1197 1526 1300 1562 coloci
1314 1528 1470 1573 contingat
1479 1547 1490 1564 ,
1505 1537 1564 1571 quo
1576 1523 1683 1566 finitor
1700 1521 1820 1558 mobilis
1837 1527 1894 1556 So-

136 1574 194 1609 lem
196 1573 335 1618 secabat.
347 1583 505 1610 moueatur
512 1575 636 1621 denique
647 1576 828 1609 meridianus
840 1598 850 1612 ,
859 1581 899 1615 (φ
910 1583 1029 1609 tantum
1037 1576 1268 1622 deprimatur‚ut
1285 1574 1384 1609 Solem
1394 1585 1513 1622 quoque
1520 1574 1648 1608 medium
1650 1572 1743 1616 secet,
1747 1571 1824 1614 sane‘
1831 1571 1893 1605 tria

135 1624 186 1658 illa
194 1622 316 1658 mobilia
319 1623 415 1671 plana
422 1622 533 1659 relictis
541 1621 755 1662 immobilibus,
761 1623 831 1667 sese
839 1633 943 1658 mutuo
952 1622 996 1658 ibi
1003 1622 1158 1667 secabunt,
1169 1622 1222 1658 ubi
1231 1623 1351 1670 singula
1361 1623 1460 1659 Solem
1465 1622 1569 1666 secant
1579 1645 1589 1660 ‚
1601 1622 1678 1657 ides‘i
1696 1620 1749 1655 ubi
1764 1619 1816 1654 Sol
1823 1630 1892 1653 cum

131 1672 237 1716 fuerit,
247 1673 348 1706 radios
349 1672 421 1716 suos
429 1673 540 1708 emittit
548 1673 579 1705 in
589 1673 730 1707 mundum
740 1697 750 1707 .
777 1677 876 1720 Nunc
884 1674 1036 1707 uideamus
1043 1684 1144 1706 eorum
1149 1672 1311 1720 planorum
1319 1673 1451 1720 effeetus,
1461 1677 1502 1710 (9-
1510 1683 1569 1719 quo
1573 1670 1636 1713 fine
1646 1681 1695 1704 eos
1703 1670 1821 1715 antiqui
1825 1667 1890 1710 sin-

137 1729 260 1756 xerunt.
270 1733 308 1756 ac
319 1723 449 1768 primum
457 1722 487 1754 in
497 1718 604 1769 quibus
610 1723 790 1756 conueniant
805 1721 987 1768 explicemus
997 1745 1006 1754 .
1033 1723 1216 1756 conueniunt
1219 1718 1291 1765 fizne'
1300 1715 1334 1756 iri
1340 1734 1385 1759 eo,
1404 1722 1484 1768 quod
1491 1731 1559 1755 cum
1568 1718 1607 1754 ab
1617 1716 1762 1753 immobili
1778 1718 1893 1764 quodq,-

131 1769 188 1813 fiw
205 1769 325 1812 discedit
333 1792 345 1807 ,
355 1775 396 1809 &-
404 1780 472 1804 cum
481 1768 549 1804 soie
560 1777 715 1807 mouetur,
725 1771 799 1803 duos
806 1770 966 1812 conficiunt
975 1769 1112 1814 angulos,
1121 1769 1249 1804 alterum
1263 1782 1303 1805 ex
1311 1770 1400 1805 reZiis
1416 1769 1502 1804 lineis
1510 1791 1521 1807 ‚
1532 1767 1663 1804 alterum
1678 1779 1718 1802 ex
1731 1766 1832 1813 planis
1841 1777 1892 1799 eo-

137 1829 204 1851 rum
212 1817 392 1853 circulorum
401 1841 411 1856 ‚
420 1818 497 1853 ideft
507 1816 636 1854 mobilis,
649 1823 690 1857 ξφ
701 1817 860 1852 immobilis
873 1843 882 1852 .
911 1819 1061 1864 Qoniam
1069 1829 1139 1852 uero
1147 1819 1273 1864 angulos
1281 1831 1321 1854 ex
1338 1819 1531 1853 circinatione
1540 1815 1648 1852 circuli
1657 1818 1798 1850 metimur
1807 1836 1818 1852 ,
1827 1815 1892 1848 ideo

135 1865 199 1900 alia
207 1868 410 1901 circinationis
417 1877 490 1914 pars
494 1865 650 1908 subtendet
668 1867 820 1913 angulosa
829 1867 913 1901 lineis
921 1867 1022 1904 rectis,
1033 1866 1095 1902 alia
1103 1865 1207 1902 abillis
1218 1867 1321 1914 planis
1339 1867 1490 1912 conseefios
1500 1891 1509 1900 .
1529 1874 1660 1913 vterque
1675 1876 1747 1899 uero
1764 1862 1893 1908 angulus

135 1914 313 1959 neceffiirius
320 1916 376 1953 est,
384 1925 420 1950 ut
436 1926 527 1949 uerus.
534 1914 692 1958 Solisfitus
711 1915 872 1951 habeatur.
882 1914 950 1957 idesi
960 1914 1038 1950 Solis
1045 1915 1174 1950 altitudo
1188 1939 1197 1953 ,
1210 1922 1251 1955 (9-
1267 1925 1341 1963 pars
1362 1917 1438 1950 unde
1455 1914 1505 1950 soi
1517 1915 1589 1959 suos
1604 1914 1706 1949 radios
1716 1913 1845 1947 demittit
1863 1913 1893 1945 in

134 1965 278 1998 mundum
288 1989 297 1998 .
322 1968 420 2011 Nunc
421 1964 593 2010 separatim
609 1967 843 2012 unumquodque
856 1964 1010 2008 sumamus
1018 1989 1027 1998 .
1054 1964 1119 2007 Esto
1137 1964 1189 1999 Sol
1200 1987 1210 2002 ‚
1220 1974 1254 1999 ut
1270 1966 1355 2009 prius
1363 1987 1373 2002 ,
1384 1966 1424 1998 ad
1439 1972 1543 1998 notum
1551 1986 1561 2000 ,
1573 1970 1729 1996 moueatur
1746 1959 1893 1995 uerticale

135 2010 244 2047 mobile
259 2014 300 2047 ad
306 2012 405 2047 solem
411 2013 611 2059 progrediens.
623 2018 664 2052 &⁴
671 2013 769 2048 Solem
772 2014 863 2056 secet,
874 2022 908 2047 ut
918 2022 1000 2047 ante.-
1009 2014 1073 2048 dico
1090 2015 1163 2048 duos
1171 2025 1210 2047 ex
1220 2013 1277 2047 hoc
1287 2023 1371 2047 motu
1380 2011 1508 2058 angulos
1519 2011 1605 2058 effici,
1618 2010 1780 2059 alterumq,·
1800 2009 1890 2043 rectis

135 2060 219 2095 lineis
226 2059 368 2103 conflare,
376 2060 507 2096 alterum
512 2061 611 2108 planis
618 2062 684 2098 illis,
694 2061 761 2103 idesl
775 2061 1000 2104 uerticalisfixi‚
1012 2067 1052 2102 &-
1061 2061 1214 2097 uerticalis
1223 2060 1353 2096 mobilis.
1382 2061 1532 2107 strigulus
1541 2060 1629 2098 redis
1638 2059 1723 2093 lineis
1734 2058 1890 2099 constans,

131 2109 172 2152 fit
180 2109 258 2146 Solis
265 2111 350 2145 radio
358 2134 368 2148 ‚
379 2116 422 2150 &²
429 2112 575 2146 diametro
585 2109 739 2145 uerticalis
749 2133 759 2149 ,
770 2109 838 2153 idesi
840 2113 1015 2157 gnomonis,
1024 2115 1066 2150 (ξφ
1073 2108 1205 2145 ambitus
1204 2110 1258 2154 seu
1267 2111 1424 2145 circinatio
1440 2109 1523 2143 hunc
1540 2107 1686 2154 angulum
1698 2106 1891 2152 fitbtendens,

136 2156 176 2201 esi
182 2157 327 2206 parsftue
333 2171 423 2194 arcus
429 2160 480 2193 ille
489 2158 646 2193 uerticalis
652 2157 772 2194 mobilis
780 2182 790 2197 ,
801 2161 881 2208 quod
887 2161 999 2194 uertice
1015 2161 1118 2195 nostro
1128 2182 1139 2198 ,
1151 2159 1320 2207 &punam
1326 2161 1360 2197 viu
1370 2170 1431 2206 quo
1443 2156 1481 2197 eli
1490 2157 1558 2196 Sol,
1564 2158 1745 2195 continetur.
1758 2166 1827 2190 cum
1835 2157 1892 2200 igi-

135 2215 190 2242 tur
201 2216 336 2252 uertexa
342 2207 460 2248 finitore
467 2216 631 2243 tetrantem
639 2208 729 2242 distet
736 2230 746 2246 ,
751 2208 886 2257 sequitur
898 2207 1045 2256 reliquum
1053 2221 1144 2243 arcus
1151 2207 1291 2243 uerticali
1298 2230 1309 2245 ,
1319 2208 1400 2254 quod
1406 2229 1411 2234 ·
1417 2205 1455 2248 esi
1466 2218 1485 2241 a
1504 2205 1574 2241 Sole
1581 2207 1621 2240 ad
1638 2204 1799 2245 finitorem,
1811 2203 1890 2238 Solis

134 2254 323 2292 altitudinem
326 2255 418 2304 fitpra
421 2256 573 2298 finitorem
588 2255 745 2298 ostendere.
763 2259 827 2292 ideo
831 2257 861 2302 si
869 2256 1025 2292 uerticalis
1032 2269 1150 2296 arcusa
1159 2258 1272 2295 uertice
1288 2257 1329 2291 ad
1344 2256 1442 2294 solem
1461 2257 1519 2290 erit
1533 2257 1668 2302 partium
1686 2255 1890 2303 quinquagin-

135 2313 170 2340 ta
179 2326 192 2344 ,
199 2303 253 2340 Sol
257 2303 398 2346 afinitore
405 2305 527 2340 tolletur
536 2306 652 2350 gradus
669 2306 871 2353 quadraginta
880 2329 890 2344 ,
901 2305 957 2340 hoc
966 2304 1004 2348 esi
1015 2305 1161 2356 reliquum
1169 2306 1313 2340 tetrantis
1320 2316 1339 2340 a
1349 2307 1462 2340 uertice
1478 2305 1518 2340 ad
1522 2303 1677 2346 finitorem
1689 2329 1698 2338 .
1709 2303 1799 2337 huius
1816 2313 1889 2345 ergo

135 2351 240 2399 anguli
253 2355 383 2400 cognitio
391 2356 433 2390 ad
442 2353 520 2388 Solis
525 2353 713 2390 altitudinem
720 2354 950 2400 cognoscendam
953 2355 1068 2402 spectat
1075 2377 1086 2392 ‚
1095 2356 1171 2389 unde
1189 2350 1365 2389 umbrarum
1382 2353 1536 2400 longitudo
1556 2353 1786 2400 deprehenditur
1797 2375 1806 2383 .
1834 2350 1891 2384 Sed

137 2399 265 2448 strigulus
271 2414 292 2437 a
300 2401 441 2438 uerticali
445 2401 562 2440 mobili,
569 2402 705 2445 &firmo
707 2402 812 2447 fuitus
820 2404 1079 2451 comprehenditur
1085 2402 1256 2445 eofinitoris
1264 2402 1391 2442 ambitu,
1401 2404 1454 2450 qui
1461 2403 1651 2448 intercipitur
1659 2403 1736 2436 inter
1744 2399 1891 2448 punitum

135 2452 269 2490 orientis,
279 2451 481 2498 &punitum
490 2463 549 2500 quo
557 2451 710 2488 uerticalis
717 2450 835 2488 mobilis
845 2451 996 2494 finitorem
997 2451 1094 2495 secat.
1102 2460 1194 2499 atque
1200 2450 1339 2486 *ambitus
1348 2451 1396 2486 hic
1404 2450 1456 2485 uel
1461 2462 1552 2485 arcus
1560 2472 1571 2487 ›
1582 2448 1712 2485 latitudo
1722 2447 1798 2484 Solis
1815 2471 1826 2485 ,
1840 2445 1889 2481 uel

135 2511 227 2536 arcus
232 2499 436 2549 horizontalis
442 2502 623 2536 nominatur.
635 2500 725 2535 huius
732 2501 835 2546 anguli
844 2502 973 2548 cognitio
981 2502 1011 2537 id
1019 2497 1226 2548 tiobispraesiat
1235 2522 1245 2539 ,
1255 2509 1290 2535 ut
1302 2509 1411 2548 parum
1414 2499 1547 2543 sciamus
1554 2500 1584 2533 in
1595 2510 1686 2545 quam
1700 2499 1802 2534 radius
1811 2494 1890 2532 Solis

136 2557 255 2594 uergat,
263 2550 343 2585 unde
346 2558 467 2597 partem
473 2551 505 2584 in
515 2560 607 2597 quam
614 2547 722 2585 umbra
727 2551 915 2596 protenditur
921 2548 1115 2596 agnosbamus
1123 2547 1251 2597 ,semper
1266 2551 1343 2583 enim
1358 2547 1466 2583 umbra
1481 2549 1511 2581 in
1521 2546 1689 2594 oppositam
1710 2547 1794 2581 radio
1815 2554 1890 2592 par-

136 2598 371 2644 ternptoijcitm.
381 2609 453 2633 nam
461 2597 493 2643 fi
513 2595 555 2633 ab
573 2609 648 2634 euro
655 2599 758 2634 radius
773 2600 922 2635 emittitur
929 2620 941 2636 ‚
950 2597 1056 2632 umbra
1072 2598 1103 2632 in
1118 2592 1242 2634 caurum
1256 2599 1352 2633 tendit
1364 2623 1373 2631 .
1377 2597 1408 2641 si
1426 2595 1467 2630 ab
1486 2594 1626 2642 aquilone
1649 2595 1702 2629 Sol
1709 2617 1720 2634 ‚
1732 2592 1841 2628 umbra
1858 2593 1890 2625 in

136 2646 263 2688 sifi-iem
275 2648 394 2692 uergit.
419 2652 498 2683 Ecce
511 2645 595 2689 ufiim
601 2646 708 2682 horum
714 2646 908 2692 angulorum,
920 2652 962 2688 &⁴
970 2658 1077 2681 munus
1091 2645 1245 2682 uertiealis
1252 2643 1382 2680 mobilis.
1393 2656 1464 2679 nam
1475 2643 1542 2688 siin
1550 2642 1642 2690 plano
1656 2642 1775 2685 finituri
1804 2638 1889 2675 aral-

137 2692 197 2729 lelo
212 2693 342 2730 uolueris
348 2695 538 2741 horologium
544 2694 718 2738 describere,
726 2696 799 2731 duos
807 2695 864 2730 hos
872 2695 998 2741 angulos
1009 2694 1183 2739 necessarios
1189 2693 1345 2740 cognostes
1354 2716 1365 2731 ,
1376 2705 1454 2741 quos
1461 2691 1617 2727 uerticalis
1637 2690 1755 2726 mobilis
1759 2651 1841 2734 fgcit
1852 2713 1862 2723 .

138 2743 241 2778 Sedad
248 2741 380 2789 reliquos
395 2753 531 2780 mutatur
540 2744 720 2779 meridianus
734 2743 855 2779 mobilis
862 2747 902 2780 ad
908 2743 1007 2780 Solem
1014 2746 1044 2778 in
1060 2752 1131 2778 noto
1137 2742 1266 2790 positum
1276 2767 1285 2780 ,
1296 2750 1364 2776 cum
1380 2753 1414 2775 eo
1420 2742 1592 2788 peruenerit
1603 2763 1612 2779 ,
1621 2748 1656 2773 ut
1677 2739 1775 2774 Solem
1791 2738 1887 2782 secet,

138 2791 214 2826 duos
221 2796 263 2831 &¹
270 2792 328 2838 ipse
333 2792 459 2838 angulos
464 2795 578 2831 reddet,
586 2791 716 2828 alterum
724 2804 764 2827 ex
771 2792 859 2827 reft'is
866 2792 962 2830 lineis,
973 2793 1102 2828 alterum
1107 2793 1201 2836 faciet
1208 2791 1265 2838 ipse
1274 2801 1343 2824 cum
1353 2791 1514 2825 meridiano
1530 2786 1687 2823 immobili.
1698 2788 1783 2823 ret'i‘a
1805 2786 1888 2820 linea

137 2850 203 2888 qua
214 2839 356 2885 angulum
363 2840 541 2883 constituunt
548 2849 637 2876 erunt
644 2841 721 2876 Solis
732 2842 846 2879 radius,
858 2847 899 2880 &
907 2842 1069 2876 diametros
1078 2841 1232 2876 meridiani
1239 2855 1251 2881 ;
1261 2838 1393 2873 ambitus
1400 2838 1479 2873 hunc
1485 2835 1704 2883 angulumlubt
1708 2838 1780 2872 ende
1784 2847 1829 2872 ns,
1840 2836 1887 2868 in-

138 2890 522 2936 tercipiturinterpunssum
534 2898 703 2926 extremm
716 2891 855 2926 diametri
862 2891 1017 2924 meridiani
1024 2912 1034 2927 ,
1044 2895 1085 2929 &⁴
1092 2888 1233 2937 punffum
1241 2889 1271 2922 in
1302 2899 1339 2922 uo
1348 2887 1395 2922 est
1404 2885 1466 2921 Sol.
1478 2891 1520 2925 &-
1528 2886 1598 2920 hinc
1606 2884 1684 2920 Solis
1693 2885 1827 2920 altitudo
1839 2891 1887 2916 ter

138 2939 272 2972 minatur
273 2936 368 2985 supra
374 2938 547 2974 uertit-alem
553 2937 709 2974 circulum.
735 2937 881 2984 Augulus
887 2945 990 2972 autem
1000 2949 1040 2973 ex
1055 2939 1218 2974 meridiano
1227 2899 1343 2974 mobili,
1352 2941 1394 2975 (9-
1400 2935 1564 2972 meridiano
1569 2933 1662 2976 firmo
1672 2933 1789 2978 fizi'ius,
1803 2942 1885 2972 com,—

134 2984 331 3033 prehenditur
336 2985 453 3021 ambitu
460 2986 668 3023 declinationis
673 2988 830 3023 meridiani
839 2984 957 3022 mobilis
963 2998 983 3021 a
994 2988 1156 3022 meridiano
1165 2982 1316 3021 immobili
1322 2986 1353 3019 in
1360 2982 1475 3019 circulo
1484 2981 1635 3020 uerticali.
1659 2984 1763 3018 'Huius
1783 2978 1886 3026 anguli

69 3027 116 3060 ⁶0
136 3035 269 3082 cognitio
275 3034 614 3085 cospeaatmtpartem
623 3035 764 3081 &saum
778 3035 855 3072 solis
869 3036 1080 3082 agnoscamus,
1097 3044 1133 3071 ut
1146 3033 1261 3076 umbre*
1271 3042 1393 3082 partem
1409 3032 1564 3072 elicimus
1577 3034 1609 3067 in
1622 3031 1716 3080 plano
1734 3026 1886 3070 uersiculi,

1779 3086 1898 3125 nanque
