2241 3318
364 96 432 130 ¹24
1071 82 1389 125 LIBER

363 166 439 193 tum,
449 156 529 202 quod
537 160 576 194 ej*
585 154 767 199 experientia
776 150 983 199 comprobauit
992 176 1002 186 .
1027 152 1097 186 Ideo
1105 150 1257 185 altitudini
1267 148 1408 183 columna
1419 149 1485 182 οῐὲο
1489 150 1574 196 pedis
1581 151 1743 185 diametros
1758 153 1864 186 dedere
1872 173 1882 189 ,
1895 151 1993 199 σαυτῷ
2001 148 2040 185 ab
2047 161 2103 184 au-

362 202 504 240 thoribus
515 205 643 238 ionicam
652 203 840 234 nominarunt
850 225 858 235 .
869 201 940 235 Inde
949 201 1092 233 minorem
1100 211 1255 234 numerum
1266 220 1276 235 ‚
1287 197 1345 231 hoc
1353 196 1550 240 es'lsenarium
1561 220 1572 235 ,
1580 211 1648 233 cum
1657 200 1764 237 medio,
1773 202 1802 234 id
1818 201 1865 234 est
1873 201 2021 234 oi‘lonario
2031 210 2102 233 con-

362 256 511 296 iungentes
517 250 661 293 surianam
671 250 895 296 quatuordecim
898 248 1000 293 fecere
1010 270 1019 286 ‚
1028 259 1118 295 quam
1128 260 1207 294 ‚eque
1216 247 1377 281 discidentes
1384 267 1395 282 2
1397 245 1596 292 septenarium
1605 248 1748 293 collegere
1756 248 1928 290 ‚secundum
1943 260 2030 295 quem
2040 259 2104 281 nu-

364 290 476 334 merum
484 306 578 333 Dor-es
587 297 752 332 columnam
760 295 933 339 constituere
941 321 950 331 .
981 303 1107 332 Domum
1117 298 1259 330 maiorem
1267 295 1436 331 terminum,
1447 295 1476 328 id
1483 292 1520 336 est
1527 296 1676 330 denarium
1687 307 1754 330 cum
1765 298 1868 331 eodem
1877 299 1971 332 medio
1982 306 2102 342 compo-

362 358 484 385 nentes,
496 348 596 380 deccm
606 352 648 386 θ’
656 347 723 380 οἱῖο
731 345 859 380 retulere
871 370 879 378 .
891 357 982 393 quam
986 345 1135 389 summam
1153 347 1182 378 in
1190 345 1264 378 duas
1271 353 1373 390 aequas
1384 351 1488 389 partes
1503 342 1705 385 distribuentes
1713 367 1724 382 ‚
1740 348 1933 379 nouenarium
1950 344 2082 380 habuere
2092 369 2102 378 .

365 408 451 445 quem
460 406 613 428 numerum
615 393 793 441 gracioliori
794 395 899 439 forma:
906 393 1081 433 tribuentes,
1093 391 1275 429 Corinthium
1277 402 1372 437 genus
1378 390 1538 437 effecerunt
1546 417 1555 425 .
1568 394 1643 426 unde
1649 401 1750 427 autem
1759 394 1903 438 Corinthij
1923 393 2104 429 uocabulum

361 443 615 489 defimiptumficit,
626 444 741 478 dicetur
748 443 827 487 infra
837 469 846 478 .
872 448 951 489 'Mon
959 444 1004 478 est
1012 453 1115 478 autem
1123 442 1202 490 quod
1211 442 1277 488 quis
1285 452 1304 473 a
1312 451 1359 473 me
1369 448 1480 487 querat
1487 439 1545 475 hoc
1553 440 1620 475 loco
1628 463 1639 479 ‚
1650 451 1684 475 ut
1692 453 1754 489 qua
1763 454 1781 475 a
1791 447 1822 477 V
1822 443 1842 476 it
1847 454 1874 476 r.
1883 443 2024 476 dicuntur
2034 440 2102 477 ‘Pli-

362 490 588 538 niqsstrabonis,
598 491 762 535 Paufimiae,
771 491 931 539 aliorumq,·
937 490 1173 526 authoritatibus
1181 488 1350 531 confirmem
1358 509 1368 525 ‚
1381 498 1449 521 nam
1457 490 1596 536 quicquid
1604 489 1657 536 ipfi
1664 491 1767 524 dixere
1775 513 1785 528 ‚
1797 490 1986 524 authoritate
1994 492 2103 525 Vitru-

360 544 451 578 uiana
457 542 557 588 potius
566 540 798 583 confirmandum
807 539 844 582 est
854 565 862 574 .
890 540 1011 575 ‘Plinius
1026 549 1126 574 tamen
1144 540 1179 572 de
1196 537 1341 572 columnis
1349 536 1488 583 loquens,
1497 539 1541 571 ait
1557 547 1686 584 quatuor
1699 550 1801 572 earum
1814 550 1925 585 genera
1933 537 1988 582 effi’
1997 562 2006 570 .
2032 540 2104 583 -Qae

355 591 476 635 sextam
483 597 601 636 partem
608 588 776 623 altitudinis
791 591 821 622 in
833 588 1017 633 crassitudine
1027 591 1087 622 ima
1103 586 1215 622 habent
1225 608 1234 624 ,
1245 587 1358 620 Dorio-e
1373 594 1520 619 uocantur
1528 600 1539 620 :
1548 597 1610 633 quae
1627 598 1735 621 nonam
1745 589 1849 622 Ionica
1858 603 1869 622 :
1879 599 1942 631 qua:
1945 587 2103 634 septimam

360 638 523 681 Tuscanica:
532 662 541 672 .
568 637 729 683 Corinthus
737 639 837 672 eadem
845 640 935 674 ratio,
944 648 1006 681 qua
1015 639 1120 671 Ionicis
1133 661 1141 670 .
1164 636 1220 669 Sed
1228 646 1296 669 cum
1304 635 1384 667 dicat
1393 633 1513 677 inferius
1520 635 1599 681 quod
1607 636 1744 681 differunt
1752 635 1891 670 columna
1908 638 2012 670 ionica
2021 647 2040 669 a
2051 647 2103 669 co-

363 687 470 721 lumnis
480 686 651 732 Corinthus,
661 687 732 720 dicit
741 688 874 725 enirm&
881 685 1057 730 differentia,
1066 686 1204 732 quoniam
1221 681 1361 729 capitulis
1368 682 1587 716 Corinthiorum
1595 686 1695 718 eadem
1709 686 1755 719 ef}
1765 684 1894 718 altitudo
1902 707 1912 722 ,
1923 695 1985 731 quae
1992 684 2105 728 colligi-

361 744 413 770 tur
423 734 607 780 craffitudine
615 737 688 772 ima,
697 735 794 782 ideoq,·
800 733 976 779 graciliores
983 734 1119 767 indentur
1129 757 1138 766 .
1148 734 1239 767 lonlei
1248 732 1323 764 enim
1331 730 1459 765 altitudo
1467 732 1556 765 tertia
1562 740 1636 778 pars
1645 731 1683 772 ell
1700 732 1893 778 craffitudinis
1901 748 1912 773 ;
1928 734 2046 766 uidetur
2055 737 2105 765 Io-

364 785 460 818 nicam
471 782 640 817 columnam
650 783 786 818 othnam
793 791 911 828 partem
922 780 1034 815 habere
1044 805 1054 815 .
1072 787 1113 821 (9-
1121 792 1178 814 non
1189 790 1295 814 nonam
1306 803 1316 813 .
1343 783 1363 813 S
1366 780 1401 812 ed
1410 779 1515 813 nollem
1523 788 1609 813 tanta
1618 779 1757 826 religione
1772 781 1944 815 altitudines·
1952 780 2104 815 columna·-

364 843 431 867 rum
440 830 585 873 constitui,
598 843 667 865 cum
676 840 790 876 ternpus
791 829 833 874 fit
843 831 990 864 interdum
998 828 1144 876 longiores
1152 828 1264 875 efficere
1273 852 1282 862 .
1293 839 1362 861 nam
1364 826 1508 874 superiori
1515 830 1671 867 uolumine,
1682 840 1749 864 cum
1758 831 1793 864 de
1801 828 2001 870 distributione
2006 838 2105 875 pycno

361 878 688 927 styli‚‹1iaslyl1‘,syftyliq
691 895 700 917 ;
709 878 869 922 dissereret,
879 888 911 913 ut
922 878 1049 921 uisuu&
1058 875 1488 925 aspec‘lmsatisfz'zceret,decem
1496 888 1612 924 quoque
1620 879 1821 922 crassitudines
1827 876 2041 912 altitudinibus
2052 890 2105 913 co·

363 929 530 963 lumnarum
541 929 619 962 dedit
629 951 638 960 .
649 939 743 974 quare
753 926 964 970 obseruandum
972 927 1028 965 eii,
1038 939 1074 961 ne
1075 925 1265 974 fiipersiitiofi
1265 924 1376 970 fimus,
1384 926 1452 959 dum
1461 924 1587 970 religiosi
1595 924 1648 970 effe
1657 926 1809 961 uolumus.

409 979 426 1010 I
435 990 457 1011 τ
473 988 490 1009 ε
504 988 528 1009 Μ
556 973 665 1022 postea
676 976 790 1009 Dianae
799 974 992 1010 constituere
1002 975 1101 1009 aedem
1121 998 1131 1013 ,
1151 985 1329 1020 quaerentes
1346 973 1426 1007 noui
1452 974 1576 1020 generis
1595 973 1730 1020 speciem
1747 1000 1757 1014 ‚
1775 974 1881 1019 iJsdem
1905 973 2047 1023 uestigijs
2065 975 2106 1010 ad

361 1025 552 1061 muliebrem
561 1023 788 1058 transtulerunt
799 1025 1013 1071 gracilitatem
1023 1046 1032 1062 ‚
1042 1027 1073 1058 &
1082 1021 1225 1057 fecerunt
1237 1023 1377 1070 primum
1385 1022 1548 1056 columnae
1567 1022 1807 1057 crassitudinem
1825 1024 2004 1058 altitudinis
2014 1025 2106 1058 οᾶει-

359 1087 399 1108 ua
412 1084 509 1120 parte,
521 1083 556 1106 ut
565 1072 695 1107 haberet
707 1071 841 1118 speciem
851 1072 1055 1108 excelsiorem
1067 1097 1076 1108 .
1103 1072 1206 1106 Bafim
1214 1070 1294 1118 spira
1303 1068 1535 1118 supposuerunt
1546 1083 1606 1118 pro
1618 1072 1737 1111 calceo,
1748 1073 1892 1119 capitulo
1903 1073 2044 1112 uolutas,
2055 1073 2105 1108 uti

359 1122 587 1168 capillamento
597 1121 815 1167 concrispatos
824 1122 994 1156 cincinnos
1004 1120 1246 1169 praependentes
1255 1120 1375 1157 dextra,
1384 1131 1419 1154 ac
1430 1117 1549 1154 sinistra
1569 1121 1814 1155 collocauerunt
1826 1142 1836 1158 ‚
1848 1122 1992 1166 cymatijs
2004 1126 2035 1156 &
2048 1134 2106 1156 en-

361 1171 464 1217 carpis
475 1182 535 1216 pro
544 1169 687 1204 crinibus
697 1167 870 1217 dispositiJ's
879 1193 890 1208 ‚
908 1168 1033 1204 frontes
1045 1180 1244 1204 ornauerunt
1253 1183 1264 1204 .-
1274 1168 1474 1215 Truncoque
1483 1178 1558 1202 toto
1576 1168 1662 1204 strias
1671 1190 1682 1206 ‚
1691 1169 1738 1203 uti
1756 1167 1907 1203 stolarum
1927 1180 2022 1215 rugas
2037 1183 2104 1204 ma-

360 1220 485 1254 tronali
496 1230 587 1252 more
596 1217 787 1253 demiserunt
798 1245 805 1253 .
830 1222 879 1254 lta
890 1218 1019 1254 duobus
1035 1216 1271 1252 discriminibus
1289 1217 1513 1251 columnarum
1525 1217 1754 1258 ,inuentionem
1773 1230 1868 1252 unam
1884 1218 1967 1252 uirili
1979 1217 2041 1252 fine
2051 1230 2107 1252 or-

362 1279 439 1304 natu
451 1266 568 1301 nudam
579 1266 679 1313 specie
688 1290 698 1305 ,
708 1269 838 1302 alteram
850 1267 997 1302 muliebri
1006 1266 1176 1302 subtilitate
1185 1290 1195 1306 ‚
1205 1270 1237 1301 δι
1252 1264 1631 1313 ornatu,symmetriac'1ue
1640 1264 1710 1300 sunt
1729 1266 1843 1301 imitati
1855 1291 1865 1301 .
1897 1266 2017 1300 Posteri
2029 1280 2106 1302 uero

361 1316 534 1363 elegantia,
544 1315 784 1364 subtilitateque
796 1316 990 1351 iudiciorum
1001 1313 1178 1364 progressi,
1187 1318 1219 1350 δι
1229 1314 1452 1362 gracilioribus
1462 1315 1603 1350 modulis
1613 1315 1763 1349 delec'tati
1774 1337 1784 1353 ,
1797 1315 1916 1361 septem
1928 1313 2108 1350 crassitudi-

364 1365 413 1400 nis
424 1365 598 1399 diametros
607 1366 640 1400 in
650 1364 853 1400 altitudinem
870 1365 1031 1399 columnae
1049 1365 1180 1398 Doricae
1191 1388 1203 1404 ,
1213 1363 1331 1398 Ionicae
1340 1362 1422 1398 octo
1435 1360 1528 1401 semis
1539 1363 1776 1399 constituerunt
1785 1387 1796 1397 .
1812 1364 1846 1399 id
1864 1375 1970 1398 autem
1981 1375 2083 1412 genus
2095 1389 2108 1405 ,

359 1412 450 1462 quod
463 1415 558 1447 Iones
569 1412 724 1451 fecerunt,
736 1413 844 1460 primo
855 1414 1005 1449 Ionicum
1014 1411 1059 1448 est
1069 1413 1274 1448 nominatum
1285 1438 1296 1448 .

409 1461 510 1497 Facile
516 1460 554 1503 esi
563 1462 736 1508 intelligere,
739 1462 767 1506 fi
775 1469 806 1498 V
807 1465 859 1497 itr.
869 1465 1030 1500 credimus,
1037 1463 1154 1497 credere
1165 1471 1268 1497 autem
1284 1461 1429 1498 debemus
1436 1484 1447 1500 ,
1458 1462 1537 1509 quod
1551 1462 1660 1496 dicitur
1669 1464 1704 1497 de
1711 1463 1815 1497 Ionica
1830 1460 1969 1496 columna
1978 1461 2108 1511 ijmme·

360 1512 433 1548 tria,
441 1523 478 1545 ac
488 1512 665 1549 inuentione‚
676 1514 726 1546 cui
734 1510 825 1556 basim
830 1521 885 1558 pro
894 1510 996 1546 calceo
1004 1509 1187 1553 constituere,
1197 1517 1238 1551 θ’
1247 1511 1380 1557 capitulo
1389 1510 1528 1548 uoluta,
1539 1522 1602 1558 quae
1609 1512 1848 1557 capillamentum
1859 1513 2060 1550 imitarentur,
2071 1525 2108 1546 ac

359 1559 554 1606 concrispatos
562 1561 712 1595 cincinnos
719 1560 787 1595 hinc
793 1561 860 1595 inde
864 1561 1082 1607 praependentes
1090 1561 1228 1594 addidere
1238 1584 1248 1593 .
1275 1558 1428 1607 insuperq;
1437 1562 1577 1606 cymatia,
1582 1565 1623 1598 ὠ
1624 1559 1749 1604 florum,
1752 1560 2107 1608 froildiuni,ft·utluumq;

359 1616 530 1645 contextus,
541 1620 616 1656 quos
625 1619 769 1657 encarpos
780 1612 881 1647 Graeci,
890 1621 943 1642 nos
952 1607 1079 1653 fellones
1086 1608 1267 1656 appellamus
1279 1632 1289 1648 ,
1299 1608 1460 1656 appofhe›·e
1467 1618 1596 1642 ornalm
1606 1607 1703 1651 cauflz.
1712 1617 1805 1655 atque
1812 1609 1842 1642 id
1852 1607 1982 1656 esl,quod
1987 1611 2077 1643 tertio
2086 1609 2110 1643 li

361 1656 418 1691 bro
427 1656 545 1691 echinos
553 1658 696 1704 appellari
703 1660 836 1694 diximus
844 1656 1056 1700 castanearum
1067 1664 1108 1697 <9-
1116 1666 1151 1691 ut
1159 1656 1233 1690 nihil
1241 1656 1344 1702 deeffi’t
1353 1679 1364 1696 ‚
1372 1658 1618 1704 quemadmodum
1639 1659 1670 1690 in
1680 1657 1837 1692 altitudine
1845 1657 1985 1691 columna:
2000 1657 2107 1691 mulie-

361 1704 448 1740 brem
450 1705 661 1751 gracilitatem
670 1707 775 1750 referri
781 1706 996 1743 uoluerunt,ita
1005 1708 1096 1740 etiam
1106 1705 1262 1739 mulierum
1272 1714 1446 1740 ornamenta
1452 1704 1555 1752 paffiin
1564 1705 1871 1743 addidere‚column.w
1875 1718 1931 1753 que
1940 1707 2069 1740 striatas
2074 1706 2109 1749 fe

361 1762 478 1791 cerunt,
487 1762 521 1787 ut
530 1765 624 1800 rugas
634 1777 644 1791 ‚
653 1754 880 1803 &plicas-stola
887 1754 1042 1789 muliebris
1059 1767 1094 1789 eo
1109 1756 1194 1788 modo
1203 1755 1394 1787 imitarentur
1402 1778 1411 1787 .
1437 1753 1717 1795 Indefiibtilioribus
1732 1754 1860 1788 modulis
1868 1753 2008 1788 delel'ffati
2016 1754 2111 1802 septi-

360 1813 443 1836 mam
451 1804 566 1836 Doricae
575 1824 586 1840 ‚
597 1803 734 1838 otlauam
742 1827 754 1843 ,
764 1811 804 1845 (φ
812 1806 962 1839 dimidiam
971 1802 1187 1849 craffitndinem
1197 1803 1298 1836 lonicae
1306 1801 1446 1835 columnae
1456 1802 1598 1836 dederunt
1607 1823 1617 1840 ‚
1630 1801 1831 1845 &secundum
1847 1804 1894 1838 est
1902 1813 2006 1837 natum
2008 1813 2111 1849 genus

361 1850 569 1887 columnarum
578 1849 618 1885 ab
626 1851 751 1887 Ionibus
759 1856 943 1888 nominatum
952 1878 962 1887 .
989 1854 1124 1888 Tertium
1125 1862 1226 1898 geum·
1235 1851 1279 1884 eft
1289 1850 1474 1885 Corinthium
1484 1875 1493 1884 .
1515 1850 1639 1885 ‘Plinius
1647 1852 1731 1886 addit
1739 1861 1882 1899 quartum
1900 1852 2091 1895 Tuscanicum
2096 1872 2110 1890 ‚

362 1905 406 1940 (9⁴
413 1907 555 1947 praterea
556 1898 627 1944 sunt
634 1911 697 1947 qua
704 1911 851 1935 uocantur
860 1904 958 1936 attica
979 1901 1121 1935 columna
1131 1901 1284 1948 quaternis
1296 1898 1413 1944 angulis
1416 1901 1486 1946 pari
1493 1899 1623 1934 laterum
1630 1901 1786 1935 interuallo
1795 1925 1805 1934 .
1814 1902 1871 1935 Sed
1878 1912 1930 1934 nos
1939 1901 1980 1935 ad
1986 1906 2019 1936 V
2018 1902 2072 1935 itr.

410 1949 445 1982 T
458 1959 477 1981 ε
489 1958 511 1981 R
521 1959 543 1982 τ
558 1959 570 1981 1
587 1959 606 1981 v
619 1960 646 1982 M
673 1959 753 1982 uero
762 1951 852 1995 quod
868 1949 1079 1982 Corinthium
1090 1949 1218 1982 dicitur.
1230 1947 1394 1993 uirginalis
1406 1947 1499 1981 habet
1510 1947 1698 1994 gracilitatis
1708 1948 2036 1994 imitationemqued
2045 1948 2109 1982 uir-

363 1996 455 2044 gines
465 2006 600 2044 propter
608 1996 709 2031 aetatis
718 1997 920 2032 teneritatem
931 1995 1153 2043 gracilioribus
1164 1994 1316 2029 membris
1329 1995 1470 2041 figuratae
1480 2017 1490 2032 ‚
1503 1995 1637 2030 effeetus
1656 1997 1815 2044 recipiunt
1835 1997 1867 2030 in
1879 2008 1994 2030 ornatu
2007 2008 2110 2031 uenu-

363 2045 490 2080 stiores.
519 2045 596 2079 Eius
606 2053 714 2080 autem
725 2046 854 2092 capituli
866 2046 967 2092 prima
977 2044 1124 2079 inuentio
1135 2043 1175 2078 fic
1186 2055 1384 2078 memoratur
1393 2041 1451 2077 esse
1463 2041 1546 2079 faCka
1558 2067 1568 2077 .
1597 2044 1702 2090 Virgo
1711 2046 1790 2079 ciuis
1801 2045 1974 2079 Corinthia
1985 2046 2048 2079 iam
2059 2058 2109 2079 ma

361 2104 432 2128 tura
442 2094 560 2141 nuptiis
569 2093 726 2140 implicita
734 2096 854 2128 morbo
863 2092 994 2129 decessit
1005 2118 1015 2128 .
1032 2092 1104 2140 post
1113 2090 1304 2140 sepulturam
1315 2092 1380 2126 eius
1389 2115 1399 2132 ,
1410 2093 1527 2139 quibus
1544 2105 1578 2126 ea
1589 2093 1660 2126 uiua
1671 2093 1797 2139 poculis
1815 2093 2032 2129 delectabatur
2052 2106 2110 2129 nu-

364 2143 427 2176 trix
436 2142 573 2176 colleeta
582 2166 593 2182 ‚
604 2146 636 2177 &
647 2142 866 2190 compositain
877 2142 1003 2178 calatho
1012 2142 1142 2188 pertulit
1151 2141 1190 2175 ad
1200 2153 1449 2175 monumentum
1460 2165 1469 2181 ,
1481 2142 1554 2177 &in
1564 2140 1690 2176 summo
1701 2143 1923 2181 collocauit,&
1935 2144 1979 2176 uti
1991 2154 2028 2176 ea
2040 2154 2110 2189 per-

364 2201 530 2225 manerent
539 2190 658 2225 diutius
666 2190 722 2225 sub
731 2191 810 2227 diuo
821 2217 832 2231 ‚
842 2192 950 2239 tegula
959 2192 1037 2225 texit
1047 2204 1057 2225 .·
1076 2192 1106 2224 Is
1116 2189 1256 2224 calathus
1278 2188 1415 2224 fortuito
1427 2188 1517 2236 supra
1526 2189 1651 2224 acanthi
1663 2190 1801 2225 radicem
1811 2189 1911 2225 fuerat
1921 2191 2111 2226 collocatus.

366 2239 502 2273 Interim
516 2239 659 2284 pondere
667 2237 765 2286 pressa
774 2240 861 2274 radix
870 2240 995 2275 acanthi
1006 2240 1110 2274 media
1121 2238 1200 2272 solia
1211 2263 1220 2277 ,
1232 2242 1264 2273 δε
1275 2239 1448 2273 cauliculos
1460 2239 1543 2273 circa
1554 2250 1689 2273 uernum
1701 2250 1829 2286 tempus
1840 2238 1986 2286 profudit
1997 2265 2007 2278 ,
2019 2241 2110 2275 cuius

365 2287 514 2322 cauliculi
524 2286 696 2322 secundum
705 2289 816 2323 calathi
826 2290 922 2324 latera
932 2286 1104 2323 crescentes
1113 2290 1160 2326 ,δι
1169 2287 1209 2320 ab
1218 2288 1342 2334 angulis
1352 2289 1465 2334 tegula:
1477 2287 1630 2334 ponderis
1648 2286 1833 2323 necessitate
1850 2287 1985 2334 expressi
2004 2288 2110 2322 flexu-

364 2348 414 2371 ras
424 2335 456 2369 in
466 2347 620 2370 extremas
631 2347 733 2383 partes
744 2338 929 2372 uolutarum
939 2336 1043 2371 facere
1054 2335 1123 2370 sunt
1132 2336 1235 2370 coacti
1245 2360 1254 2369 .
1280 2336 1378 2370 Tunc
1388 2336 1603 2372 Callimachus
1612 2357 1623 2374 ,
1633 2336 1688 2382 qui
1700 2348 1835 2384 propter
1850 2337 2046 2384 elegantiam
2058 2359 2069 2374 ,
2077 2341 2110 2372 Bc

366 2383 574 2419 subtilitatem
585 2386 662 2419 artis
675 2397 861 2420 marmoreae
871 2386 912 2419 ab
923 2384 1169 2421 Atheniensibus
1177 2385 1432 2419 Kachizotecnos
1442 2384 1545 2419 fuerat
1554 2385 1738 2419 nominatus
1749 2408 1759 2424 ,
1770 2383 1951 2431 praeteriens
1960 2385 2025 2419 hoc
2036 2397 2110 2418 mo.-

366 2443 560 2468 numentum
572 2455 582 2472 ‚
590 2433 817 2469 animaduertit
826 2446 900 2468 eum
912 2435 1069 2470 calathum
1079 2458 1090 2473 ,
1099 2437 1131 2468 δι
1141 2433 1224 2468 circa
1234 2432 1389 2467 foliorum
1400 2434 1601 2468 teneritatem
1611 2455 1622 2471 ,
1632 2432 1839 2480 dele&atusc'1;
1853 2446 1969 2481 genere
1980 2457 1990 2473 ,
1998 2437 2030 2468 δι
2041 2432 2110 2466 for-

366 2493 428 2516 mae
437 2482 593 2520 nouitate,
603 2482 642 2516 ad
654 2482 686 2517 id
698 2484 869 2528 exemplar,
879 2484 1047 2518 columnas
1056 2481 1140 2530 apud
1152 2482 1346 2516 Corinthios
1358 2480 1448 2522 fecit,
1458 2481 1718 2529 symmetriasc'1ue
1728 2482 1950 2523 constituit,ex
1962 2481 2066 2529 eoque
2076 2482 2110 2516 in

366 2542 504 2577 operum
514 2529 767 2578 perfeetionibus
776 2531 944 2574 Corinthii
952 2532 1077 2578 generis
1086 2529 1248 2565 distribuit
1259 2531 1411 2567 rationes.

416 2583 455 2613 Et
465 2579 526 2614 hac
555 2578 877 2627 uoquefhciliasunt‚in
892 2578 1043 2628 aliquibus
1050 2588 1152 2615 autem
1161 2579 1314 2615 codicibus
1321 2579 1430 2626 legitur
1445 2589 1618 2616 catatecnos
1625 2601 1636 2619 ,
1652 2580 1704 2626 ali)
1721 2580 1824 2626 legunt
1831 2582 2024 2617 Texitecnon,
2036 2591 2111 2627 quo-

366 2629 447 2662 niam
449 2627 531 2671 fiibti
544 2629 601 2661 iter
607 2627 743 2675 poliebat
754 2638 844 2676 opera
846 2628 902 2671 sua
913 2651 924 2667 ,
935 2630 1062 2672 &forte
1069 2640 1137 2663 cum
1145 2635 1176 2664 V
1176 2630 1228 2663 itr.
1238 2631 1379 2674 quadrat.
1389 2629 1505 2664 Plinius
1513 2631 1630 2664 uidetur
1646 2628 1758 2664 habere
1775 2629 2005 2674 cachizotecnos
2015 2653 2024 2663 .
2035 2640 2112 2676 quo-

370 2678 451 2711 niam
465 2675 613 2724 nunqua'm
617 2676 677 2721 fibi
686 2677 886 2713 Callimachus
887 2676 1077 2721 satisfizclum
1105 2675 1213 2712 utabat
1222 2679 1252 2711 in
1267 2687 1364 2725 opere,
1368 2677 1484 2725 semper
1491 2676 1624 2712 habebat
1630 2677 1744 2725 aliquid
1750 2678 1828 2723 quod
1842 2678 2081 2724 reprehenderet.

416 2724 445 2758 E.
457 2737 470 2759 1
481 2739 499 2760 v
511 2736 525 2759 s
555 2735 661 2760 autem
673 2726 803 2771 capituli
813 2724 993 2772 symmetria
1005 2725 1045 2761 sic
1056 2726 1085 2760 el
1111 2724 1271 2765 facienda,
1282 2726 1327 2760 uti
1337 2737 1456 2772 quanta
1466 2724 1561 2760 fuerit
1571 2724 1746 2760 crassitudo
1762 2727 1832 2760 imae
1851 2727 2011 2760 columnae
2021 2750 2031 2765 ,
2042 2737 2110 2759 tan-

367 2783 399 2808 ta
409 2773 445 2807 sit
455 2773 592 2808 altitudo
603 2775 735 2820 capituli
745 2787 819 2809 cum
827 2774 928 2808 abaco
940 2798 950 2809 .
978 2774 1082 2809 Abaci
1093 2773 1230 2808 latitudo
1239 2775 1283 2808 ita
1292 2773 1405 2809 habeat
1416 2775 1572 2809 rationem
1582 2798 1591 2812 ‚
1603 2786 1637 2808 ut
1645 2785 1766 2821 quanta
1785 2773 1882 2809 fuerit
1891 2775 2032 2810 altitudo
2041 2796 2051 2812 ‚
2061 2773 2111 2808 bis

368 2831 457 2855 tanta
466 2821 502 2855 sit
513 2822 686 2867 diagonios
696 2823 735 2857 ab
745 2824 866 2872 angulo
876 2823 913 2858 ad
924 2823 1077 2870 angulum
1089 2847 1099 2857 .
1127 2823 1233 2869 Spatia
1241 2823 1327 2856 enim
1337 2823 1380 2857 ita
1391 2822 1485 2857 iustas
1502 2822 1666 2857 habebunt
1677 2820 1801 2857 frontes
1820 2823 2067 2870 quoquouersus
2075 2846 2087 2856 .

367 2868 562 2904 Latitudinis
571 2867 694 2907 frontes
704 2871 865 2906 sinuentur
874 2868 1031 2906 introrsus
1040 2869 1079 2905 ab
1090 2871 1239 2906 extremis
1248 2872 1374 2918 angulis
1384 2871 1491 2909 abaci,
1501 2870 1559 2906 suae
1576 2869 1694 2906 frontis
1712 2872 1889 2906 latitudinis
1906 2883 1992 2906 nona
2001 2894 2012 2910 ,
2033 2870 2073 2905 ad
2083 2869 2111 2904 i-

367 2930 459 2957 mum
473 2917 735 2963 capituli'tantam
745 2919 880 2955 habeant
889 2916 1128 2955 crassitudinem
1137 2940 1147 2956 2
1159 2931 1311 2966 quantam
1321 2919 1415 2954 habet
1428 2919 1548 2954 summa
1557 2920 1708 2954 columna
1718 2943 1729 2957 ,
1739 2932 1853 2967 praeter
1869 2918 2046 2966 apothesim
2057 2942 2066 2957 ‚
2077 2922 2112 2956 &

368 2965 558 3014 astragalum
577 2990 585 2998 .
601 2966 703 3001 Abaci
715 2966 886 3003 crassitudo
895 2968 1026 3014 septima
1035 2967 1168 3013 capituli
1177 2967 1355 3003 altitudinis
1366 2993 1376 3003 .
1400 2969 1486 3003 Dem
1512 2979 1542 3002 ta
1549 2967 1637 3002 abaci
1650 2966 1855 3005 crassitudine
1863 2968 2024 3002 diuidatur
2033 2968 2112 3001 reli-

368 3027 434 3064 qua
443 3026 513 3062 pars
521 3013 554 3048 in
562 3025 666 3063 partes
678 3026 753 3057 tres,
763 3027 799 3051 ex
808 3017 925 3064 quibus
935 3028 997 3051 una
1004 3017 1075 3052 imo
1087 3013 1169 3052 folio
1179 3015 1286 3058 detur,
1297 3014 1470 3054 secundum
1495 3017 1598 3052 olium
1607 3016 1747 3054 mediam
1764 3017 2110 3100 altitudinerrbteneatl·

1986 3065 2088 3100 aulicu
2104 3064 2115 3099 i

2135 577 2180 602 10

2136 1067 2183 1090 20

2141 1555 2186 1590 30

2140 2045 2188 2082 4⁰

2142 2535 2186 2572 50

2140 3017 2187 3051 60
