2195 3313
101 566 145 590 10

103 1059 148 1083 20

102 1549 145 1584 30

97 2038 170 2073 40·

95 3007 142 3044 60

756 76 1326 118 sEcVRDzsss.
1868 86 1906 125 55

172 153 278 198 integri
284 151 452 184 uiderentur
463 172 472 181 .
500 147 556 181 Sed
563 146 635 181 illud
642 147 934 180 animaduertendum
944 146 991 179 ef}
1000 147 1079 191 apud
1087 145 1219 180 Plinium
1228 146 1287 192 legi
1294 149 1445 186 diodoron,
1455 161 1513 196 quo
1523 150 1635 185 utimur
1641 150 1760 197 longum
1761 152 1908 201 sefiluipc-

173 205 218 240 de,
227 201 318 235 latum
323 199 398 244 pede
408 222 417 230 .
427 207 496 229 nam
499 195 528 239 st
535 196 779 243 quemadmodum
789 195 964 228 tetradoron
974 194 1082 227 dicitur
1090 207 1109 228 a
1119 204 1258 242 quatuor,
1274 201 1315 234 Θ
1320 199 1503 242 pentadoron
1517 211 1536 232 a
1545 201 1672 246 quinque
1676 200 1796 246 palmis,
1807 204 1849 235 ita
1859 204 1907 236 dio

172 253 260 286 doron
271 246 320 281 uel
339 247 461 280 didoron
477 245 628 278 dicendum
637 243 673 285 eft
681 255 700 276 a
710 241 823 276 duobus
827 241 937 289 palmis
947 266 955 275 .
967 250 1050 276 certe
1067 254 1125 276 non
1135 245 1192 277 erit
1199 245 1228 276 in
1237 243 1338 278 'Plinio
1354 244 1506 289 legendum
1516 246 1686 294 fisqnipede
1694 271 1704 286 ‚
1715 260 1769 283 nec
1777 261 1843 284 cum
1852 253 1908 285 Vi-

170 301 267 334 truuio
275 295 427 341 legendum
437 295 495 327 erit
502 292 621 338 longum
628 293 714 339 pede,
725 291 820 325 latum
823 290 970 337 semipede
984 315 993 324 .
1020 290 1107 334 Sedfi
1114 293 1180 338 quis
1187 291 1347 334 confideret
1355 295 1527 328 tetradoron
1535 296 1588 338 eJJe
1607 308 1724 342 quoquo
1737 298 1835 340 uersus
1841 298 1909 344 pal-

170 355 284 380 morum
292 352 432 391 quatuor,
443 347 483 381 (7⁴
489 342 671 388 pentadoron
677 339 849 386 palmorum
858 341 996 386 quinque,
1000 339 1084 382 forte
1092 337 1230 373 dubitare
1236 341 1357 385 poterit,
1369 353 1421 374 cur
1429 353 1485 375 non
1496 348 1536 381 &v
1545 345 1665 377 didoron
1675 345 1728 388 effe
1736 345 1842 379 debeat
1849 358 1908 393 quo

169 406 230 442 quo
239 392 336 435 uersus
340 391 508 439 palmorum
516 390 649 426 duorum,
660 400 723 435 quae
732 401 780 422 res
781 389 864 432 forte
866 387 1026 434 fiispettam
1035 386 1101 431 esse,
1112 393 1153 426 ά*
1162 386 1333 421 ‘Plinianam
1343 411 1352 425 ‚
1364 395 1403 426 (ty
1413 392 1622 424 Viti-uuianam
1633 392 1785 427 leftionem
1787 393 1885 437 faciet
1895 420 1905 428 .

169 444 228 477 Sed
237 453 289 486 eqo
298 451 365 475 cum
373 440 512 475 Vitruuio
520 436 653 472 ‘Plinium
661 438 772 482 corrigi
779 437 881 470 uellem
893 460 902 469 .
914 437 994 469 Satis
1001 444 1100 469 autem
1109 444 1175 469 erat
1183 448 1201 469 a
1214 435 1372 470 latitudine
1379 438 1502 471 laterem
1512 440 1632 473 didoron
1650 442 1794 487 appellari
1802 465 1812 480 ,
1824 452 1915 477 erant.

171 478 421 536 enimJ'emipedali
429 486 584 520 latitudine
592 508 602 523 ,
612 487 642 520 id
652 483 689 526 eft
697 487 819 519 duorum
824 484 995 531 palmorum
1002 506 1012 521 ‚
1024 490 1064 523 ξφ
1072 483 1112 518 ab
1121 496 1156 517 ea
1167 484 1327 526 huiusmodi
1343 484 1470 519 laterum
1475 498 1587 531 genera
1605 498 1754 523 nominata
1756 490 1826 532 finit
1835 517 1842 523 .
1872 497 1909 526 Et

172 550 241 574 cum
249 550 306 572 non
311 537 499 571 inueniantur
506 536 536 567 in
544 534 670 580 ‹edificijs
679 545 713 567 ea
722 533 848 567 laterum
851 544 974 578 genera,
984 534 1019 566 de
1026 531 1134 579 quibus
1142 532 1270 569 Plinius,
1272 532 1326 574 sed
1335 545 1370 566 ea
1379 535 1414 567 de
1422 533 1530 580 quibus
1540 541 1570 569 V
1572 537 1623 568 itr.
1632 546 1695 581 agit
1703 540 1731 570 in
1742 538 1852 576 Plinio,
1865 539 1908 573 lc.

174 598 270 625 aerem
279 586 395 631 longum
399 584 485 631 pede,
494 581 590 616 latum
591 582 749 629 semipede,
758 591 791 615 ut
799 593 865 615 cum
876 587 907 616 V
907 582 959 614 itr.
968 581 1152 624 consentiret.
1163 581 1216 617 Illa
1223 590 1325 614 autem
1334 581 1428 628 Plinij
1437 582 1541 621 uerba,
1569 588 1582 627 {
1607 596 1666 630 quo
1677 588 1796 624 utimur,
1822 589 1835 629 }
1860 600 1909 622 re-

168 623 310 684 ‘spondent
318 631 418 667 uerbis
425 632 482 666 illis
491 637 522 666 V
522 633 573 665 itr.
601 635 615 674 {
640 643 698 677 quo
709 631 804 665 nos‘iri
812 638 948 663 utuntur.
974 631 989 670 }
1915 637 1917 640 ·

178 707 181 710 .
220 685 250 718 E
262 695 274 717 s
286 694 309 716 ’r
335 692 441 716 autern
451 680 483 713 in
492 677 644 725 Hispania
656 679 806 713 ulteriore
818 678 1004 714 Colentum,
1014 677 1090 712 &in
1101 677 1216 722 Gallijs
1228 677 1373 716 Massilia,
1385 682 1415 713 &
1426 679 1459 713 in
1471 679 1540 715 Afia
1550 681 1671 718 Pitane,
1684 681 1738 716 ubi
1750 683 1858 717 lateres
1869 688 1909 719 ct'i

173 734 245 768 sunt
256 731 356 769 duem
367 733 398 764 &
407 726 546 767 arefa&i,
558 728 693 773 proiefiti
703 737 813 762 natant
824 726 855 760 in
867 738 947 771 aqua
957 751 966 760 .
986 727 1111 760 Natare
1119 737 1225 768 autem
1236 738 1291 761 eos
1301 725 1405 773 posse,
1417 729 1460 762 ita
1485 729 1612 763 uidetur
1626 745 1635 771 3
1646 730 1736 776 quod
1754 741 1833 765 terra
1843 733 1907 771 est,

174 783 214 818 de
224 793 283 827 qua
293 781 453 814 ducuntur
462 801 472 814 ,
483 775 647 823 pumicosa
657 801 666 810 .
693 777 740 810 Ita
751 788 824 809 cum
835 773 880 808 est
890 775 977 812 leuis,
989 786 1057 808 aere
1068 772 1209 812 solidata,
1219 788 1286 809 non
1297 776 1409 822 recipit
1420 776 1453 809 in
1464 775 1491 811 se
1501 801 1511 816 ‚
1522 790 1579 820 nec
1590 778 1749 812 combibit
1760 780 1886 826 liquore³
1898 806 1908 815 .

174 830 280 875 Igitur
288 828 432 861 leuicum
445 825 492 863 fit,
504 828 632 872 raraque
641 825 846 872 proprietate,
857 835 914 856 nec
924 824 1062 869 patiatur
1071 834 1236 868 penetrare
1246 825 1278 858 in
1288 837 1407 871 corpus
1417 825 1583 860 humidam
1594 826 1787 872 potestatem
1796 850 1806 866 ,
1822 841 1913 875 quo-¹

175 889 302 924 cunque
313 875 454 922 pondere
464 872 569 911 fuerit,
580 874 710 921 cogitur
718 872 756 906 ab
767 884 870 906 rerum
881 882 990 906 natura
1001 893 1011 908 ,
1023 871 1297 917 quemadmodum
1307 885 1423 919 pumex
1436 895 1445 910 ‚
1457 875 1503 908 uti
1513 888 1593 922 aqua
1602 872 1813 910 substineatur
1823 901 1832 911 .
1859 879 1910 911 Sic

174 937 280 961 autem
290 936 418 971 magnas
426 921 521 958 habet
531 922 690 960 utilitates,
703 921 793 969 quod
804 932 906 968 neque
915 920 949 954 in
959 918 1226 954 aedificationibus
1237 920 1307 955 sunt
1316 921 1442 956 onerofi
1451 949 1460 964 ‚
1471 927 1502 958 ὃς
1513 935 1587 957 cum
1606 923 1768 958 ducuntur
1778 949 1790 964 ,
1801 936 1911 960 atem-

176 973 424 1022 pestatibusnon
433 969 668 1006 dissoluuntur.
854 988 856 990 v

223 1024 286 1068 Qv
300 1035 320 1055 A
335 1033 354 1054 L
371 1032 381 1054 1
397 1032 419 1053 τ
433 1031 454 1052 A
465 1032 487 1054 τ
500 1030 519 1051 F.
533 1030 559 1052 M
570 1042 579 1057 ,
599 1020 869 1067 seuproprietatem
875 1017 1002 1053 laterum
1009 1019 1196 1065 quorundam
1206 1021 1328 1066 exponit
1336 1022 1418 1054 Vitr.
1437 1019 1584 1067 causszmq';
1596 1023 1691 1056 reddit
1698 1034 1738 1056 ex
1747 1034 1844 1057 rerum
1855 1025 1910 1057 ini-

176 1074 226 1118 tus
244 1069 474 1118 philosophando
484 1092 493 1101 .
517 1074 558 1103 ,A
560 1070 583 1102 it
593 1071 669 1102 enim
677 1066 828 1115 aliquibus
834 1069 864 1100 in
872 1067 946 1103 locis
954 1066 1063 1102 lateres
1071 1067 1186 1105 ductos,
1197 1074 1238 1107 (φ
1247 1067 1397 1110 ανιῇιὶῖω
1404 1090 1414 1104 ‚
1416 1068 1445 1111 fi
1452 1070 1481 1101 in
1489 1080 1598 1115 aquam
1604 1072 1800 1115 proijciantur
1805 1072 1910 1118 stiper-

175 1129 282 1155 natare
293 1143 301 1152 .
313 1120 390 1152 ratio
400 1117 487 1151 huius
497 1118 542 1152 es‘t
549 1116 656 1151 leuitas
664 1125 763 1154 terrie,
770 1127 810 1151 ex
816 1127 876 1162 qua
885 1117 1031 1150 ducuntur
1038 1137 1049 1152 ‚
1061 1115 1167 1149 leuitas
1183 1125 1282 1150 autem
1294 1127 1363 1150 aere
1365 1116 1495 1158 solidita
1505 1139 1515 1153 ,
1525 1128 1581 1149 non
1598 1121 1745 1163 permittit
1756 1119 1908 1154 humorem

175 1166 308 1203 combibi
315 1165 488 1208 ;fi)lidatam
495 1177 573 1201 aere,
582 1166 715 1210 intelligit
723 1164 866 1211 repletam
875 1176 943 1198 aere
951 1186 961 1201 ,
971 1176 1040 1197 nam
1044 1165 1223 1210 pmnicosiim
1232 1166 1311 1211 quod
1320 1163 1357 1205 eft
1365 1187 1375 1201 ,
1385 1177 1483 1198 aerem
1498 1165 1689 1212 undequaque
1705 1169 1845 1213 recipiens
1852 1191 1861 1205 ,
1872 1182 1907 1202 a-

176 1217 237 1251 liud
243 1227 300 1250 non
310 1216 440 1250 admittit
450 1238 458 1247 .
479 1213 592 1248 Strabo
601 1212 655 1247 lib.
671 1225 681 1246 1
693 1225 705 1257 3
715 1238 723 1247 .
730 1213 776 1257 fic
784 1215 828 1248 ait
836 1227 849 1249 ,·
868 1220 903 1247 In
910 1213 969 1260 ipsa
980 1214 1093 1249 Pitana
1102 1211 1186 1248 locus
1201 1214 1321 1260 quidam
1330 1215 1409 1246 mari
1413 1215 1571 1259 proximus
1579 1236 1588 1250 ,
1606 1223 1745 1248 artaneus
1762 1226 1887 1249 uocatur
1896 1240 1907 1255 ‚

169 1264 225 1310 fiib
234 1266 378 1300 ‘Pitanam
385 1264 471 1296 iuxta
487 1274 554 1296 eam
563 1285 573 1300 ‚
591 1273 654 1309 que
668 1261 760 1305 infida
776 1270 964 1308 nuncupatur
972 1286 981 1295 .
1024 1262 1159 1296 Tradunt
1176 1264 1256 1309 apud
1270 1263 1413 1296 ‘Pitanam
1430 1260 1539 1295 lateres
1546 1261 1635 1308 fiiper
1653 1265 1740 1309 aquis
1756 1265 1890 1298 innatare
1897 1288 1908 1302 ,

175 1315 265 1360 quod,
277 1318 317 1351 ὠ
324 1313 355 1345 in
363 1311 502 1345 Etbruria
511 1313 540 1345 in
550 1310 642 1353 infida
649 1314 774 1357 quadam
782 1311 925 1355 contingit
932 1335 941 1344 .
967 1314 1057 1354 ‘Nam
1067 1321 1133 1344 cum
1140 1319 1222 1345 terra
1231 1310 1322 1344 leuior
1324 1309 1367 1353 fit
1375 1308 1466 1357 qudm
1474 1322 1552 1357 aqua
1560 1333 1570 1348 ,
1581 1309 1650 1343 uehi
1659 1322 1725 1344 eam
1742 1314 1884 1356 contingit
1894 1338 1903 1346 .

175 1362 361 1404 ‘possidonius
368 1358 501 1402 uidiffiese
509 1360 601 1403 refert
608 1381 619 1396 ,
629 1371 668 1393 ex
675 1360 806 1406 quadam
815 1367 898 1392 creta
906 1380 917 1395 ‚
926 1370 985 1405 qua
995 1370 1042 1392 res
1050 1359 1258 1404 deargentatas
1265 1356 1412 1403 abstergit
1420 1380 1430 1395 ‚
1442 1358 1551 1392 lateres
1555 1358 1656 1402 fastos
1659 1358 1785 1404 fluitare
1796 1384 1805 1394 .
1832 1366 1907 1406 Lege

176 1407 347 1448 ulbertum
364 1413 511 1453 Magnum
520 1417 586 1457 cap.
590 1407 717 1452 fi’ctmdo
726 1406 796 1443 libri
804 1408 896 1455 primi
903 1407 938 1445 de
943 1405 1135 1445 minemlihus
1142 1431 1153 1451 ,
1164 1413 1205 1450 (57
1212 1405 1288 1445 alibi
1295 1409 1324 1442 in
1333 1409 1434 1444 eodem
1444 1407 1576 1442 tractatu
1586 1431 1595 1440 .

594 1588 597 1590 .
635 1543 721 1594 De
737 1543 937 1596 eArena.
1097 1543 1206 1617 Cap.
1294 1542 1326 1593 I
1330 1540 1433 1593 III.

287 1683 297 1693 α
316 1682 318 1684 -
371 1663 407 1698 N
432 1664 629 1710 caementitijs
639 1675 744 1700 autem
754 1666 916 1702 structuris
927 1666 1066 1713 primurn
1078 1664 1122 1700 est
1133 1665 1173 1699 dc
1189 1676 1282 1699 arena
1299 1661 1517 1710 quaerendum,
1527 1672 1562 1697 ut
1573 1674 1609 1697 ea
1618 1662 1656 1697 sit
1667 1662 1781 1698 idonea
1790 1663 1828 1698 ad
1841 1676 1907 1698 ma-

255 1752 260 1759 .
284 1748 287 1751 ,
308 1743 315 1748 ,
343 1730 351 1756 ξ
390 1714 499 1748 teriam
509 1712 699 1749 miscendam
709 1740 718 1754 ‚
729 1715 954 1763 nequehabeat
965 1727 1079 1749 terram
1091 1715 1314 1748 commixtam.
1333 1713 1463 1746 Genera
1474 1722 1579 1745 autem
1589 1723 1687 1745 atenae
1698 1710 1824 1746 fossitiae
1836 1711 1908 1747 sunt

237 1777 241 1787 =
283 1758 287 1760 i
304 1760 316 1773 ⁴²
387 1761 454 1795 haec
463 1784 473 1800 ,
483 1763 584 1808 nigra,
593 1775 684 1799 cana,
696 1764 799 1802 rubra,
808 1764 1022 1796 carbunculus
1032 1788 1040 1796 .
1051 1763 1096 1795 Ex
1108 1762 1153 1795 his
1164 1774 1233 1808 quae
1244 1763 1277 1795 in
1289 1773 1383 1794 manu
1393 1758 1570 1794 confricata
1597 1758 1706 1794 fecerit
1716 1759 1886 1795 stridorem
1897 1784 1908 1800 ,

327 1831 334 1833 ν-
390 1810 449 1842 erit
457 1811 580 1854 optima
593 1833 601 1842 .
611 1821 674 1855 que
683 1820 789 1842 autem
801 1807 915 1842 terrosa
925 1807 1018 1843 fuerit
1028 1830 1038 1845 ‚
1048 1821 1114 1842 non
1125 1809 1254 1844 habebit
1271 1808 1469 1855 asperitatem
1479 1830 1489 1846 ‚
1508 1809 1583 1842 item
1596 1808 1617 1842 si
1630 1809 1662 1842 in
1681 1808 1907 1843 uestimentum

173 1856 346 1890 'candidum
356 1869 391 1891 ea
401 1857 547 1890 coniesta
557 1854 665 1895 fuerit,
675 1856 782 1902 postea
791 1853 922 1895 excussa,
934 1858 982 1890 uel
993 1857 1066 1894 ieta,
1081 1857 1111 1890 id
1123 1870 1188 1891 non
1199 1858 1433 1904 inquinauerit,
1451 1869 1554 1903 neque
1571 1856 1616 1890 ibi
1627 1867 1707 1890 terra
1726 1855 1888 1891 subsiderir
1897 1881 1907 1896 ,

175 1905 235 1938 eri:
246 1904 361 1937 idonea
371 1929 380 1938 .
392 1905 445 1938 Sin
455 1916 560 1938 autem
571 1917 637 1938 non
647 1916 737 1939 erunt
746 1906 883 1938 arenaria
893 1929 901 1943 ‚
913 1905 997 1938 unde
1008 1904 1152 1939 fodiatur
1164 1930 1173 1944 ,
1184 1917 1250 1939 tum
1263 1906 1301 1939 de
1312 1904 1516 1944 fluminibus,
1527 1916 1580 1938 aut
1589 1918 1606 1939 e
1622 1906 1726 1951 glarea
1735 1908 1791 1939 erit
1802 1918 1909 1940 excer-

172 1952 277 1986 nenda
289 1976 297 1985 .
312 1953 393 1986 Non
407 1953 509 1986 minus
520 1954 615 1986 etiam
626 1952 664 1986 de
674 1953 782 1986 littore
793 1954 917 1986 marino
928 1967 937 1994 3
949 1951 1000 1988 sed
1010 1955 1086 1986 eain
1098 1952 1332 1986 structurishaec
1343 1952 1437 1986 babet
1447 1953 1523 1987 uitia
1532 1978 1542 1992 ‚
1561 1953 1650 2000 quod
1667 1952 1840 1987 difficulter
1850 1954 1909 1987 fic-

174 1999 278 2036 crescit,
291 2012 391 2046 neque
401 2000 511 2037 ubisit,
521 2001 643 2034 onerari
655 1999 682 2034 se
692 2002 893 2035 continenter
905 2004 1003 2048 paries
1013 2002 1131 2048 patitur
1142 2025 1150 2040 ,
1161 2001 1216 2035 nisi
1225 1999 1512 2035 intermissionibus
1523 2000 1705 2048 requiescat,
1715 2014 1817 2049 neque
1827 2014 1907 2036 con-

173 2048 400 2081 camerationes
410 2049 521 2093 recipit
531 2073 539 2082 .
561 2049 688 2082 Mariua.
698 2060 804 2083 autem
815 2051 878 2084 hoc
889 2051 1024 2095 amplius
1036 2075 1046 2089 ,
1057 2050 1147 2096 quod
1165 2051 1259 2083 etiam
1271 2050 1403 2095 parietes
1413 2063 1486 2083 cum
1496 2051 1528 2082 in
1538 2050 1586 2084 his
1597 2050 1732 2083 tectoria
1743 2048 1826 2083 faeta
1834 2049 1907 2085 fue-

173 2097 250 2135 rint,
261 2097 456 2131 remittentes
466 2096 662 2144 salsuginem,
672 2110 705 2131 ea
716 2096 890 2132 dissoluant
902 2124 910 2132 .
939 2098 1080 2132 Fossitiae
1093 2111 1169 2132 uero
1179 2099 1323 2132 celeriter
1333 2099 1364 2131 in
1383 2097 1545 2132 stru&uris
1555 2096 1724 2132 ficcescunt
1736 2121 1744 2137 ‚
1756 2102 1787 2132 &
1798 2098 1906 2132 τεθῑο-ι

173 2145 218 2179 ria
229 2155 423 2191 permanent,
433 2148 463 2179 &
474 2147 769 2180 concamerationes
779 2147 943 2192 patiuntur
952 2163 961 2189 3
971 2147 1021 2181 sed
1031 2147 1090 2185 hae,
1101 2160 1164 2193 que
1175 2149 1242 2181 lunt
1254 2146 1293 2180 de
1301 2147 1446 2191 arenarijs
1457 2157 1610 2180 recentes.
1625 2146 1646 2180 si
1656 2147 1742 2180 enim
1751 2158 1904 2193 exemptae

175 2192 298 2227 diutius
307 2193 428 2227 iaceant
436 2193 475 2227 ab
486 2195 573 2234 Sole,
583 2199 612 2228 ἃ
625 2196 724 2231 Luna,
737 2199 767 2229 &
778 2196 888 2241 pruina
898 2196 1063 2229 concociae
1073 2195 1274 2229 resoluuntur
1283 2218 1292 2234 ‚
1303 2198 1334 2229 δέ
1345 2193 1634 2232 fiuntterrosae.1ta
1645 2196 1760 2229 cumin
1769 2195 1906 2230 strustu-

172 2252 246 2275 “ram
257 2242 473 2285 conijciuntur
482 2255 548 2277 non
559 2242 687 2290 possunt
705 2245 869 2277 continere
891 2255 1063 2285 caement3;
1076 2243 1124 2278 sed
1136 2257 1172 2278 ea
1183 2255 1277 2277 ruunt
1286 2267 1296 2283 ,
1308 2243 1500 2277 &labuntur
1509 2267 1518 2282 ‚
1528 2243 1709 2290 oneraque,
1728 2247 1759 2277 δε
1770 2246 1905 2290 parietes

173 2301 242 2323 non
253 2288 379 2335 possunt
387 2289 536 2325 sustinere
547 2318 556 2327 .
584 2292 741 2325 Recentes
751 2303 856 2326 autem
863 2291 987 2338 fossitie
998 2306 1071 2327 cum
1082 2294 1113 2326 in
1125 2291 1289 2327 strueturis
1299 2302 1399 2325 tantas
1408 2291 1544 2329 habeant
1555 2292 1702 2330 uirtutes,
1711 2304 1747 2337 ce
1756 2293 1788 2325 in
1799 2293 1904 2327 tetro*

175 2338 229 2381 rijs
238 2338 311 2372 ideo
322 2351 388 2372 non
398 2337 467 2373 sunt
477 2341 580 2378 utiles,
591 2340 680 2387 quod
693 2340 909 2386 pinguitudini
921 2341 986 2374 eius
997 2342 1062 2374 calx
1071 2342 1160 2388 palea
1171 2341 1355 2378 commixta,
1366 2350 1498 2387 propter
1507 2340 1737 2374 uehementiam
1750 2353 1817 2374 non
1832 2339 1904 2386 pos-

180 2384 250 2420 sunt
262 2386 325 2420 fine
335 2388 421 2422 rimis
430 2387 604 2435 inarescere
615 2414 622 2422 .
632 2389 807 2423 Pluuiatica
816 2402 893 2423 uero
904 2402 1038 2437 propter
1048 2389 1245 2427 macritatem
1258 2389 1326 2431 (uti
1335 2387 1493 2436 signinum
1502 2392 1516 2431 )
1525 2389 1714 2430 bacillorum
1725 2387 1904 2423 subaffloni

173 2434 233 2469 bus
243 2436 275 2469 in
286 2436 424 2469 tectorio
435 2437 496 2470 reci
501 2435 744 2484 pitssbsoli‘ditatem
756 2462 765 2471 .
783 2448 788 2455 ⁸
1301 2454 1304 2456 ·
1380 2439 1393 2458 '⁸
1501 2456 1505 2457 ⁷

225 2484 404 2531 Antequam
413 2486 448 2519 de
456 2484 603 2532 lapidibus
610 2509 620 2524 ‚
630 2488 707 2533 quia
724 2495 834 2520 natura
845 2487 925 2528 fiunt
934 2511 943 2525 ‚
954 2489 1033 2522 dicat
1044 2502 1054 2521 .·
1062 2494 1108 2523 De
1123 2500 1216 2521 arena
1226 2510 1236 2525 ,
1245 2487 1329 2522 calce
1337 2510 1346 2526 ,
1357 2492 1398 2527 Θ·
1411 2486 1534 2534 puluere
1552 2487 1709 2533 puteolano
1718 2510 1727 2525 ‚
1739 2487 1904 2530 sermonem

175 2533 298 2577 instituit
306 2557 315 2567 .
341 2534 469 2568 Videtur
479 2536 554 2568 enim
562 2535 706 2568 trattatio
714 2536 749 2568 de
757 2536 792 2581 ijs
800 2534 888 2570 rebus
895 2548 952 2570 non
961 2537 1097 2582 diffimilis
1104 2535 1144 2570 ab
1152 2548 1198 2574 ea,
1209 2539 1239 2570 in
1247 2549 1306 2584 qua
1315 2538 1350 2570 de
1359 2541 1487 2570 materia
1496 2536 1623 2570 laterum
1630 2538 1808 2570 mentionem
1810 2535 1898 2579 fecit,

176 2590 211 2614 ut
221 2586 261 2620 ξφ
271 2583 476 2627 cognoscamus
486 2585 556 2629 quid
564 2583 676 2626 interfit
684 2585 761 2617 inter
770 2596 837 2618 eam
844 2607 854 2622 ,
863 2596 923 2632 qua
939 2587 968 2618 in
976 2587 1112 2620 ducendis
1121 2584 1267 2620 lateribus
1275 2588 1320 2619 uti
1326 2584 1463 2619 debemus
1470 2607 1481 2621 ,
1499 2591 1539 2623 &-
1548 2596 1612 2618 eam
1621 2607 1632 2621 ‚
1642 2595 1705 2631 quae
1713 2586 1742 2617 in
1749 2584 1900 2618 §truttam

177 2627 302 2662 laterum
304 2629 346 2673 fit
356 2630 524 2675 necessaria,
537 2632 692 2675 cuiusmodi
700 2632 744 2666 es't
754 2632 836 2670 calx,
848 2638 888 2672 &
897 2645 944 2670 ea,
953 2646 1016 2681 qna
1024 2636 1053 2668 in
1062 2633 1144 2668 calce
1152 2634 1330 2676 conficienda
1339 2635 1538 2680 requiruntur,
1549 2641 1582 2666 ut
1590 2631 1744 2669 arena,uel
1751 2631 1850 2678 puluis
1854 2641 1899 2677 pu

175 2675 328 2711 teolanus.
361 2685 407 2713 De
415 2691 507 2713 arena
527 2682 617 2726 igitur
627 2679 797 2722 fiimmatim
806 2683 867 2714 tria
877 2681 947 2723 fiant
962 2680 1204 2724 commostranda‚
1213 2683 1457 2730 quemadmodum
1471 2680 1562 2728 supra
1573 2679 1772 2722 distinximus.
1783 2681 1899 2726 Species

170 2723 301 2761 colores,
313 2731 352 2764 (φ
362 2730 597 2774 comparationes
607 2753 616 2763 .
625 2735 738 2765 Arenae
753 2731 859 2776 species
859 2729 931 2772 fiant
940 2739 1012 2769 tres,
1023 2731 1296 2775 Foffitia‚Littorea‚
1306 2729 1585 2774 pluuialis.<Foffitia
1594 2728 1784 2776 quadruplex
1800 2729 1898 2772 nigra,

170 2772 367 2810 -canaffuhra,
377 2775 573 2817 carbunculus
584 2802 594 2812 .
619 2776 734 2822 Foffitia
739 2777 855 2825 prestat
863 2777 1007 2813 omnibus.
1017 2779 1172 2816 Flauiam,
1183 2785 1224 2819 φ
1234 2792 1269 2813 ea
1277 2781 1420 2825 praecipue
1427 2789 1489 2825 quae
1499 2777 1573 2811 uela
1586 2775 1766 2811 torrentibus
1776 2798 1786 2813 ,
1794 2774 1897 2817 uellu-

169 2820 334 2868 premasub
346 2830 412 2856 cute
417 2826 545 2870 primum
553 2828 693 2860 eximitur
701 2827 873 2870 ‚secundum
884 2826 995 2862 obtinet
1003 2827 1113 2865 locum,
1124 2826 1257 2861 omnibus
1266 2829 1397 2861 deterior
1413 2828 1528 2860 marina
1536 2848 1546 2862 ,
1555 2824 1649 2872 quaesi
1666 2824 1813 2870 nigrescat
1822 2846 1833 2861 ‚
1842 2832 1899 2857 aut

170 2871 285 2903 uitrum
294 2870 424 2913 referat,
435 2883 491 2905 non
501 2877 617 2908 omnino
627 2873 828 2922 improbatur.¹
838 2876 938 2914 &illa
946 2887 1062 2922 quoque
1070 2879 1147 2910 inter
1163 2878 1294 2909 marinas
1302 2897 1312 2912 ,
1316 2875 1369 2918 seu
1386 2873 1525 2908 littoreazs
1542 2874 1696 2908 commoda
1714 2872 1769 2914 esi,
1780 2884 1843 2920 quae
1858 2873 1898 2905 ad

171 2918 733 2967 rupessubfideat,&granisfitfimilis.
746 2924 846 2970 Apud
862 2926 1002 2958 ‘Picentes
1014 2928 1032 2970 (
1040 2933 1073 2958 ut
1081 2926 1175 2969 refert
1182 2923 1335 2960 ,Albertus
1343 2924 1362 2965 )
1371 2934 1444 2968 agro
1453 2922 1637 2956 Salernitano
1645 2933 1765 2955 arenam
1774 2933 1814 2955 ex
1821 2922 1897 2953 mari

170 2965 436 3013 fitmptamfossitiae
448 2980 506 3002 non
510 2969 685 3017 postponunt
695 2996 703 3004 .
721 2974 825 3018 Qare
833 2971 963 3007 arbitror
970 2985 1023 3019 ego
1033 2979 1063 3008 V
1063 2974 1204 3007 itruuium
1209 2981 1299 3020 parte
1301 2970 1433 3019 plurima
1448 2983 1483 3005 ea
1487 2983 1600 3016 genera
1607 2968 1816 3017 probaſje,quae
1824 2978 1896 3002 tune

171 3024 260 3051 erant
272 3017 305 3050 in
312 3016 364 3061 ufic
374 3041 383 3054 .
399 3028 467 3053 cum
477 3022 517 3058 Θ
526 3017 658 3055 locorum
667 3030 775 3060 natura
783 3022 827 3056 ita
834 3021 967 3067 ferat‚ut
975 3032 1067 3064 arena
1080 3021 1140 3056 alia
1148 3021 1251 3057 melior
1253 3020 1309 3066 fit,
1322 3032 1383 3068 quae
1393 3019 1470 3055 alias
1476 3019 1591 3054 meliori
1607 3031 1647 3054 ex
1656 3029 1765 3064 genere
1780 3019 1896 3052 oxima-

1833 3072 1897 3098 tur.
