2241 3318
89 597 131 622 10

83 1098 127 1121 20

83 1593 127 1629 30

83 2083 130 2118 40

808 117 1291 151 DECIMVS.
1835 123 1899 163 345

165 188 237 220 loro
247 183 382 220 traiecto
393 183 430 221 fit
442 197 501 220 una
511 196 582 232 pars
597 184 664 232 iugi
688 183 824 230 longior
835 209 843 223 ‚
855 198 924 230 quae
943 184 1148 220 imbecilliori
1169 198 1234 221 aux
1243 186 1348 221 iliatur
1357 185 1504 221 iumento
1516 211 1525 222 .
1562 188 1607 222 Ita
1619 186 1650 220 in
1670 186 1835 234 phalangis
1847 211 1856 225 ,
1866 200 1901 224 ut

161 235 195 268 in
206 236 289 280 iugis
301 256 311 272 ‚
323 236 441 269 cumin
454 236 563 271 medio
580 235 647 268 lora
665 246 733 267 non
745 233 814 266 sunt
826 235 986 268 collocata
997 258 1005 273 ,
1016 232 1068 269 sed
1084 247 1153 268 eam
1167 246 1288 280 partem
1298 259 1307 274 ‚
1320 248 1383 282 qua
1405 235 1726 282 progreditur-lorum
1738 258 1748 273 ‚
1759 249 1775 269 a
1788 237 1898 270 medio

162 294 275 317 centro
291 283 474 317 breuiorem
487 282 587 317 efficit
598 305 608 321 ,
620 286 650 317 δι
661 283 754 315 altera
769 282 966 329 longiorem,
977 295 1010 316 ea
1022 283 1146 316 ratione
1160 306 1169 320 ,
1180 283 1200 318 si
1211 295 1266 328 per
1277 284 1308 317 id
1319 295 1466 317 centrum
1478 306 1487 321 ‚
1503 297 1569 330 quo
1580 285 1642 318 loci
1655 285 1843 331 perductum
1855 285 1900 319 est

161 332 283 371 lorum,
293 343 428 380 utraque
439 334 540 378 capita
550 331 953 378 circumagentur‚longior
963 344 1032 376 pars
1044 331 1383 377 ampliorem‚breuior
1394 332 1550 365 minorem
1563 345 1633 378 aget
1643 334 1899 373 circinationem,

161 383 195 414 δε
204 381 481 427 quemadmodum
493 381 634 416 minores
647 391 725 412 rotae
737 378 880 412 duriores
890 400 900 416 ‚
910 383 940 412 δι
952 378 1150 413 difficiliores
1160 379 1275 413 liabent
1286 391 1407 416 motus,
1418 380 1457 413 fic
1469 381 1634 427 phalanga,
1645 386 1674 415 ἃ
1687 383 1772 427 iuga,
1783 383 1815 415 in
1827 382 1898 427 qui—

159 427 220 462 bus
231 429 374 474 partibus
394 430 510 464 liabent
522 430 645 463 minora
657 429 696 460 ab
709 438 824 460 centro
835 428 872 460 ad
885 428 989 473 capita
1001 429 1328 474 interualla‚premunt
1340 428 1462 462 duriter
1473 430 1639 475 colla‚quae
1649 441 1755 463 autem
1768 431 1899 477 longio-

159 487 191 509 ra
203 477 323 512 habent
333 478 371 512 ab
382 478 497 511 eodem
509 489 621 512 centro
634 473 744 521 spatia,
755 476 859 509 leuant
870 476 1021 510 oneribus
1032 476 1230 511 extrahentes
1243 500 1253 515 ,
1263 480 1294 510 &
1306 474 1442 510 ferentes
1453 502 1462 510 .
1474 477 1559 510 Cum
1572 477 1636 510 liaec
1648 479 1689 512 ita
1700 480 1739 513 ad
1750 491 1908 514 centrum-

158 526 429 571 porreffionffius,
442 529 472 560 δε
485 524 745 559 circinationibus
756 525 932 570 receperint
943 535 1051 559 motus
1061 547 1071 563 ‚
1081 535 1149 558 tum
1161 537 1238 559 uero
1248 525 1342 558 etiam
1354 524 1472 571 plostra
1484 547 1493 561 ,
1508 526 1625 565 rhedae,
1638 537 1785 572 tympana
1798 551 1806 565 ,
1818 540 1896 561 rotae

158 574 310 613 cochleae,
320 572 893 621 scorpiones,balistae‚prela,caetcr<gc'1;
907 573 1058 606 machinae
1069 573 1180 616 ijsdem
1192 572 1370 609 rationibus
1379 586 1434 620 per
1444 574 1628 620 porrectum
1641 587 1787 609 centrum
1799 580 1829 611 ὃ(
1842 588 1897 610 ro·

158 623 318 657 tationem
331 623 440 657 circini
453 621 589 659 uersatae,
600 621 720 656 faciunt
732 621 770 654 ad
784 622 988 667 propositum
1000 620 1144 656 effecius.

204 677 423 706 Documentum
438 670 495 705 hoc
500 669 732 718 pulcherrimum
741 669 859 716 reliquit
867 676 898 705 V
898 673 949 705 itr.
960 671 1132 718 porrellum
1143 693 1153 708 ‚
1167 675 1207 710 &
1217 670 1394 706 circularem
1409 680 1521 706 motum
1530 671 1585 716 effe
1595 674 1726 708 omnium
1741 672 1897 709 machina·
1908 694 1913 698 -

157 723 270 755 tionum
276 722 476 768 principun&
484 720 535 767 qui
544 722 574 752 in
585 731 619 752 eo
622 731 732 765 genere
741 718 915 761 internos'cet
925 742 934 756 ,
943 721 1014 767 quid
1023 722 1105 754 oneri
1115 720 1292 766 respondeat,
1300 729 1355 766 pro
1365 732 1423 767 quo
1426 719 1469 763 fit
1477 720 1573 755 uellus
1582 744 1591 758 ‚
1602 720 1692 769 quale
1694 721 1736 764 sit
1744 721 1895 767 hypomo-
1926 752 1929 753 γ

161 768 284 807 chlium,
294 771 368 803 unde
376 770 421 802 uis
428 779 547 802 mouens
555 766 779 805 habeatur‚eum
789 766 928 802 omnibus
933 767 1093 815 propositis
1104 780 1138 803 ea
1151 770 1186 803 de
1194 781 1227 802 re
1235 790 1245 806 ,
1256 767 1711 816 quaes‘iionibussatisffisturnm.
1724 771 1829 814 Restat
1839 782 1894 803 au-

159 828 231 855 tem,
241 827 276 852 ut
283 817 397 865 aliquid
412 818 446 851 de
455 818 585 855 rotin&
592 815 720 851 cochleis
729 817 876 853 dicamus,
889 819 918 850 in
932 817 1044 864 quibus
1054 819 1190 851 maximat
1199 817 1293 860 infimt
1301 820 1428 852 uirtutes
1437 840 1447 855 ,
1460 823 1501 857 (Ay
1507 820 1581 864 pene*
1589 817 1773 853 incredibiles
1780 820 1896 852 motio-

156 878 226 900 num
234 869 375 904 rationes,
383 874 416 899 ut
425 867 584 900 Cardanus
601 868 687 899 docet
695 889 704 899 .
732 864 862 900 Coc-blein
872 864 1025 908 similibus
1045 865 1211 900 rationibus
1226 866 1422 913 perficiuntur
1431 891 1440 900 .
1467 865 1532 906 Esto
1550 868 1674 903 cochlea
1698 872 1738 902 A
1764 873 1798 901 B.
1824 875 1895 901 tan-

155 924 248 962 quam
249 915 384 960 foemina,
393 913 537 957 masculus
547 925 617 948 uero
644 920 668 950 C
692 920 732 949 D.
757 915 808 959 qui
817 916 1071 949 circumuertitur:
1080 913 1145 956 Ello
1165 914 1353 949 manubrium
1370 915 1497 958 masculo
1507 917 1693 950 coniunctum
1721 921 1744 950 E
1769 922 1803 952 F.
1814 916 1894 963 quod

155 976 215 998 axe
223 966 352 998 uertitur
378 969 405 998 G
430 969 462 998 H
464 988 472 996 .
499 963 588 1012 qudm
589 961 732 1006 facillime
740 961 778 996 ob
788 963 914 996 uetitum
921 972 1066 997 rationem
1077 988 1086 997 .
1111 965 1315 1011 ,Appendatur
1325 962 1365 997 ab
1377 965 1434 997 imo
1446 964 1567 1006 masculi
1580 977 1658 1000 onus
1667 963 1813 1001 librarum
1822 975 1893 999 cen-

153 1022 229 1051 tum,
239 1014 319 1061 quod
320 1012 362 1056 sit
388 1017 436 1047 M.
463 1011 606 1055 “versando
615 1013 705 1056 igitur
713 1022 802 1046 axem
830 1017 855 1046 G
880 1017 921 1046 H.
948 1013 1115 1047 Extolletur
1141 1012 1163 1045 k
1188 1018 1221 1046 L.
1249 1018 1289 1052 εἰν
1300 1024 1374 1046 onus
1398 1018 1447 1050 M,
1469 1012 1676 1055 fiibleuabitur
1691 1039 1699 1048 .
1711 1019 1752 1053 (φ
1771 1022 1893 1047 contra-

154 1064 199 1095 rio
208 1063 296 1096 modo
304 1060 465 1104 uersiitione
474 1060 595 1104 eiusdem
602 1061 670 1095 axis
676 1061 856 1108 propellctur
883 1059 902 1093 k
929 1066 961 1097 L,
987 1061 1148 1109 infleeiettss
1160 1062 1276 1105 ferrum
1286 1060 1433 1095 obiettum
1441 1062 1580 1105 immenfie
1602 1063 1796 1107 craffitudinis
1807 1087 1816 1095 .
1832 1067 1894 1103 Re-

154 1109 269 1158 liquum
278 1109 316 1152 esi
326 1119 359 1143 ut
369 1110 566 1146 ostendamus,
576 1109 655 1156 quod
666 1120 742 1143 onuxs
767 1113 815 1147 M,
843 1111 955 1143 moueri
959 1109 1098 1156 P⁰ffit³&
1106 1123 1166 1158 qua
1173 1112 1290 1144 ratione
1306 1111 1336 1144 id
1346 1110 1490 1155 efficiatur
1506 1136 1514 1144 .
1529 1123 1598 1145 nam
1616 1124 1684 1146 cum
1700 1109 1786 1144 uerbi
1788 1111 1894 1156 gratia

154 1168 272 1194 centum
288 1159 378 1192 millia
393 1159 490 1206 pondo
495 1157 537 1202 sit
547 1159 576 1191 in
600 1163 633 1193 L.
661 1163 702 1197 (φ
718 1170 785 1192 cum
797 1158 877 1204 spira
887 1159 979 1206 ψαφ-
994 1159 1081 1201 suam
1092 1161 1190 1193 oneris
1196 1167 1313 1206 partem
1314 1158 1466 1202 stistineat‚
1471 1159 1500 1203 fi
1509 1169 1594 1194 erunt
1604 1160 1788 1207 decemspirae
1796 1161 1825 1193 in
1830 1158 1895 1202 sin-

149 1206 337 1254 gulone-runt
345 1208 445 1241 decem
456 1207 547 1241 millia
550 1206 698 1253 ponderis,
709 1218 811 1242 uerum
821 1209 850 1239 in
866 1207 1002 1254 qualibet
1005 1208 1083 1254 spira
1092 1217 1209 1242 tantum
1218 1211 1383 1253 ponderant
1401 1209 1500 1243 decem
1526 1209 1604 1242 mille
1612 1208 1692 1243 libi-„e
1700 1231 1709 1247 ‚
1720 1217 1833 1255 quanta
1849 1207 1895 1241 est

151 1258 308 1304 proportio
317 1257 510 1290 rotunditatis
517 1255 666 1299 adsunam
676 1278 686 1293 ,
699 1255 932 1302 cuisuspenditur
941 1268 1019 1290 oiim·
1043 1263 1090 1291 M.
1116 1265 1228 1304 quanto
1243 1258 1335 1302 igitur
1349 1259 1379 1289 in
1405 1263 1428 1291 C
1454 1264 1481 1291 D
1491 1279 1501 1294 ‚
1524 1256 1626 1303 plures
1635 1258 1753 1301 fuerint
1763 1257 1843 1302 spirae
1856 1268 1895 1290 ac

154 1304 267 1339 circulo
273 1306 485 1352 proximiores,
498 1313 560 1337 tum
569 1306 745 1342 maiores,co
770 1310 818 1341 M,
849 1306 968 1352 pondua·
977 1304 1071 1339 leuius
1078 1307 1227 1342 reddetur,
1240 1304 1376 1352 mottoscj;
1390 1304 1509 1348 fizcilior
1519 1330 1528 1343 ,
1539 1318 1576 1339 ac
1594 1316 1712 1353 quanto⁸
1718 1304 1843 1349 facilior
1858 1316 1893 1337 eo

154 1355 290 1392 tardior,
300 1355 393 1399 igitur
403 1355 431 1386 in
434 1353 531 1399 spatio
545 1353 669 1386 duorum
679 1351 848 1388 cubitorum
857 1353 979 1387 cochlea
988 1353 1052 1395 fieri
1057 1355 1169 1401 potest,
1181 1363 1243 1388 tam
1253 1354 1334 1390 latis,
1344 1366 1381 1387 ac
1389 1353 1553 1388 lmmilibus
1574 1353 1662 1401 spiris
1679 1363 1713 1388 ut
1737 1359 1786 1388 M.
1809 1362 1896 1400 pon—

159 1403 244 1436 dma
254 1403 372 1436 decenni
376 1411 469 1448 puero
479 1399 689 1446 fizcilefiirfitm
704 1401 865 1439 trabatur,
875 1407 1010 1448 uerum(
1021 1411 1053 1437 ut
1065 1404 1128 1437 dixi
1139 1403 1158 1446 )
1170 1415 1227 1449 quo
1231 1401 1373 1447 fizcilim,
1384 1414 1418 1436 eo
1435 1402 1545 1437 lentius
1561 1402 1739 1437 monebitur.
1750 1414 1818 1436 cum
1833 1402 1895 1446 igi-

155 1459 208 1485 tur
216 1451 348 1484 tractum
351 1451 446 1494 fuerit
454 1451 544 1483 iuxta
570 1454 592 1483 L
618 1448 650 1488 k,
677 1449 900 1496 longitudinem,
910 1450 1061 1498 oportebit
1085 1457 1134 1490 M,
1153 1452 1286 1498 suspendi
1293 1450 1416 1498 his,quae
1423 1451 1591 1485 machinam
1593 1450 1732 1495 fiislinent
1741 1453 1770 1485 in
1794 1454 1895 1496 Ny&

155 1505 192 1535 0.
221 1505 262 1538 (9-
271 1507 352 1536 tunc,
363 1500 470 1532 iterum
480 1497 578 1542 emiffiz
598 1501 749 1534 contrario
765 1509 848 1534 motu
874 1497 895 1532 k
921 1505 943 1533 L
954 1522 964 1537 ,
989 1501 1144 1546 adijcimus
1156 1502 1272 1547 pondus
1282 1524 1291 1533 .
1317 1499 1474 1548 Rurfitmq‘5
1491 1500 1645 1534 trahemus
1661 1522 1671 1538 ,
1681 1498 1896 1547 eleuabimusq,·

149 1548 245 1594 spatio
275 1546 294 1580 k
322 1553 355 1581 L.
382 1548 473 1581 donec
482 1547 730 1595 neblendossepius
739 1559 754 1582 e
762 1550 849 1587 mari,
859 1547 907 1582 uel
915 1560 931 1582 e
933 1548 1060 1593 flumine
1069 1551 1169 1583 nauim
1177 1571 1187 1586 ,
1217 1550 1351 1584 ondusve
1366 1548 1448 1583 aliud
1459 1548 1625 1592 immensum
1640 1549 1844 1585 extrabemus.

156 1603 227 1632 Haec
246 1597 405 1630 cardanus.
420 1597 456 1629 de
464 1594 604 1633 cochleis,
618 1599 670 1644 qui
686 1598 823 1631 etiamad
830 1609 951 1635 currus,
963 1603 1004 1637 (φ
1013 1607 1099 1633 rotas
1108 1607 1175 1633 tran
1188 1609 1250 1632 tens
1258 1599 1340 1632 dicit.
1367 1599 1435 1643 Qi
1443 1610 1546 1633 currus
1562 1597 1645 1632 altivs
1664 1596 1776 1633 babent
1790 1605 1894 1635 rotas,

155 1648 184 1680 in
192 1645 272 1678 molli
272 1643 337 1687 solo
342 1643 500 1688 fiammis,
509 1655 546 1679 ac
560 1644 712 1680 celerrime
720 1655 889 1684 mouentur,
900 1647 979 1694 quod
987 1646 1100 1681 haerens
1109 1646 1205 1681 lutum
1214 1656 1348 1682 rotarum
1356 1649 1507 1681 minimam
1530 1655 1656 1693 occupet
1662 1654 1793 1692 partem.-
1801 1654 1895 1693 atque

154 1696 218 1729 ideo
225 1703 334 1740 parum
343 1694 497 1740 impediat.
524 1698 643 1740 Semper
654 1696 744 1729 etiam
759 1696 855 1728 maior
864 1704 932 1729 rota
940 1694 1334 1742 celeriusspatiumfirpcrat,
1344 1695 1396 1731 ubi
1397 1695 1520 1739 ferendo
1523 1695 1653 1741 fiifficiat
1661 1696 1754 1729 oneri.
1781 1696 1896 1740 Qun-

155 1751 187 1777 to
196 1744 286 1777 etiam
289 1751 458 1789 pauciores,
469 1754 503 1776 eo
521 1742 680 1789 perficitur
690 1743 814 1777 celerius
821 1745 878 1777 iter
888 1768 897 1777 .
925 1747 1015 1788 Nam
1023 1743 1135 1790 plures,
1149 1743 1179 1787 fi
1184 1744 1368 1790 paruaesunt‚
1377 1747 1489 1779 minore
1497 1743 1612 1778 ambitu
1630 1746 1725 1778 minus
1733 1743 1893 1785 conficiunt

149 1789 281 1838 spatiyssfi
288 1801 398 1836 magnae
415 1792 525 1825 addunt
534 1790 646 1824 uiribus
650 1794 847 1837 grauitatem,
866 1803 918 1826 nec
923 1800 1028 1826 'tamen
1037 1792 1107 1840 plus
1114 1792 1431 1840 ampleliunturspatij,
1442 1792 1510 1828 hinc
1518 1794 1557 1828 ad
1566 1795 1709 1827 motiones
1717 1791 1892 1834 tar-leffium

155 1838 350 1888 quamobrem
359 1846 557 1886 Imperatores
574 1843 701 1883 Romani
715 1840 819 1885 Effedae
829 1839 895 1882 idest
903 1852 993 1875 curru
1004 1843 1128 1876 duarum
1138 1853 1314 1886 magnarum
1326 1852 1461 1876 rotarum
1470 1841 1654 1877 uehebantur
1665 1866 1673 1875 .
1685 1852 1753 1876 nam
1762 1840 1814 1875 ubi
1821 1853 1893 1874 onus

156 1900 213 1924 non
223 1890 308 1922 nimis
317 1899 416 1933 graue
425 1887 473 1929 eft,
488 1896 543 1922 aut
548 1888 688 1934 pluribus
700 1892 782 1936 equis
792 1889 934 1928 trabitur,
947 1898 1000 1924 aut
1012 1890 1136 1924 celerius
1145 1893 1201 1925 iter
1208 1893 1320 1935 agitur.
1348 1897 1418 1927 Hac
1426 1892 1461 1926 de
1480 1890 1568 1934 causta
1585 1889 1683 1930 nosirae
1691 1890 1895 1936 machinaepi-

155 1935 310 1978 robalistae,
321 1947 383 1983 quae
404 1939 537 1971 maxima
546 1937 656 1971 babent
667 1950 755 1971 onera
767 1937 883 1972 duabus
894 1940 967 1972 rotis
978 1938 1141 1972 trabuntur
1151 1964 1159 1973 .
1188 1945 1222 1973 Iu
1238 1938 1334 1981 solido
1350 1952 1422 1974 uero
1439 1938 1538 1985 plures
1556 1948 1625 1973 rotae
1640 1938 1777 1987 eaedemq‘5
1792 1948 1894 1985 paruae.

155 1987 196 2021 ad
198 1984 382 2030 fficilitatem
383 1984 504 2028 faciunt
512 2008 521 2023 ‚
533 1987 676 2020 diuiditur
687 1989 762 2021 enim
771 1999 844 2020 onus
850 1996 905 2034 per
922 1995 1008 2021 rotas
1017 2009 1026 2025 ,
1037 1989 1111 2021 unde
1120 1989 1242 2025 additio,
1252 2000 1308 2022 non
1318 1988 1527 2035 multiplicatio
1540 1988 1579 2030 fit
1598 1999 1700 2022 earum
1714 1988 1895 2034 proportio-

156 2047 238 2070 num.
264 2038 341 2068 Ecce
350 2033 519 2080 exemplum
523 2033 552 2078 fi
555 2034 611 2077 fiex
620 2035 716 2082 duple
728 2037 851 2070 inuicem
861 2035 1105 2083 multiplicentur,
1115 2039 1260 2071 rationem
1271 2038 1396 2071 reddunt
1413 2049 1501 2084 quam
1517 2035 1629 2071 babent
1639 2037 1799 2081 sexaginta
1817 2047 1894 2082 qua·

157 2093 228 2118 tuor
236 2084 276 2117 ad
282 2094 372 2116 unum
380 2105 390 2119 ‚
400 2083 503 2116 eadem
517 2083 609 2127 simul
626 2084 734 2118 cunila
749 2084 963 2132 duodecuplam
973 2084 1160 2127 constituunt,
1174 2096 1290 2133 nanque
1299 2097 1437 2131 magnum
1447 2085 1483 2127 eft
1491 2085 1652 2128 discrimen,
1662 2087 1740 2120 inter
1747 2083 1894 2130 multipli-

158 2134 306 2167 cationem
314 2153 324 2167 ,
337 2137 378 2171 (φ
395 2133 588 2165 additionem.
615 2134 704 2179 Qod
711 2135 802 2178 igitur
809 2144 867 2166 una
876 2142 943 2167 rota
953 2135 1068 2180 pondus
1078 2133 1169 2177 refert
1180 2137 1236 2179 64,
1249 2134 1306 2178 fiex
1314 2136 1343 2168 in
1351 2136 1427 2168 rotis
1435 2136 1586 2169 duodecim
1595 2142 1713 2168 tantum
1722 2132 1888 2181 aequiualet.

158 2183 216 2217 Sed
223 2180 314 2224 nescio
324 2191 378 2226 ego
386 2191 425 2214 an
437 2182 567 2215 cardam¹
575 2183 670 2229 opinio
673 2181 744 2225 filos
752 2180 861 2217 habeat
870 2189 1017 2219 numeros.

313 2281 399 2347 De
410 2300 686 2355 organorum
718 2283 968 2358 adaquant
979 2279 1288 2337 hauriendam
1302 2282 1561 2358 generibus,
1575 2283 1741 2360 &pri-

466 2380 598 2412 mum
610 2359 667 2413 de
679 2375 903 2436 tympano.
1293 2367 1402 2436 Cap.
1488 2364 1519 2415 I
1521 2367 1580 2417 X.

178 2492 335 2524 mm
361 2475 445 2508 VNc
471 2472 512 2508 de
520 2476 738 2522 organis,quae
747 2475 787 2509 ad
797 2475 1002 2512 hauriendam
1011 2490 1126 2525 aquam
1139 2477 1267 2512 inuenta
1279 2475 1363 2517 sunt,
1374 2476 1648 2524 quemadmodum
1660 2477 1751 2521 uarijs
1764 2478 1896 2525 gened-

177 2535 186 2545 Χ
209 2548 212 2570 3
260 2510 297 2579 ᾗ
309 2516 335 2566 Χ)
379 2522 440 2556 bus
458 2534 697 2569 comparentur,
715 2537 886 2571 exponam.
914 2527 954 2560 Et
967 2529 1106 2573 primum
1118 2526 1221 2560 dicam
1240 2527 1279 2560 de
1291 2538 1462 2573 tympano.
1476 2526 1512 2560 Id
1523 2536 1628 2559 autem
1639 2538 1708 2559 non
1725 2527 1787 2560 alte
1806 2527 1896 2560 tollit

182 2572 212 2586 Χ
290 2571 297 2580 ¹
327 2609 334 2616 N
350 2608 351 2611 Ἰ
377 2584 507 2618 aquam,
527 2570 577 2606 sed
588 2572 728 2607 exhaurit
749 2572 980 2618 expeditissime
998 2575 1237 2609 multitudinem
1258 2587 1406 2622 magnam
1418 2601 1426 2609 .
1439 2575 1489 2608 Fit
1500 2574 1569 2608 axis
1586 2576 1623 2608 ad
1635 2585 1766 2608 tornum
1785 2585 1839 2608 aut
1855 2574 1896 2608 ad

179 2613 337 2651 *³²xe
380 2621 534 2654 circinum
551 2618 723 2655 fabricatus
733 2621 891 2667 capitibus
901 2623 1015 2657 lamina
1027 2622 1162 2661 ferratis,
1176 2624 1294 2657 habens
1305 2626 1336 2657 in
1346 2623 1455 2656 medio
1466 2623 1548 2657 circa
1559 2619 1589 2656 se
1599 2633 1787 2668 tympanum
1802 2635 1838 2655 ex
1850 2634 1896 2656 ta-

163 2669 338 2703 bulisinter
347 2668 376 2703 se
385 2670 632 2716 coagmentatis,
644 2669 858 2716 collocaturc'1;
869 2672 899 2704 in
920 2671 1077 2718 stipitibus
1088 2671 1277 2706 habentibus
1287 2673 1320 2705 in
1331 2671 1359 2705 se
1369 2669 1424 2705 sub
1435 2671 1537 2717 capite
1552 2671 1615 2705 axis
1626 2669 1739 2704 ferreas
1750 2671 1894 2706 laminas.

165 2719 206 2752 In
217 2719 285 2752 eius
304 2719 447 2764 tympani
458 2730 539 2751 cauo
550 2718 800 2763 interponuntur
814 2719 894 2752 ceto
908 2720 1020 2754 tabulae
1030 2719 1218 2758 transuersae‚
1231 2731 1399 2766 tangentes
1409 2732 1497 2753 axem
1509 2742 1518 2757 ,
1528 2723 1558 2753 &
1578 2730 1752 2752 extremam
1772 2730 1895 2766 tympa-

165 2767 198 2801 ni
207 2766 445 2807 circuitionem,
455 2777 524 2813 quae
536 2765 688 2800 diuidunr
697 2767 828 2813 aequalia
845 2767 1043 2814 intympano
1053 2768 1159 2814 spatia.
1170 2769 1253 2802 circa
1271 2768 1413 2802 frontem
1435 2768 1503 2801 eius
1519 2766 1665 2814 figuntur
1681 2767 1792 2801 tabulae
1805 2794 1813 2806 ,
1824 2769 1895 2802 reli-

165 2815 227 2849 fiis
238 2814 479 2861 semipedalibus
494 2815 648 2859 aperturis
666 2815 705 2849 ad
715 2827 830 2862 aquam
842 2815 921 2850 intra
932 2818 1178 2862 concipiendam
1190 2842 1198 2851 .
1217 2820 1298 2850 Item
1310 2815 1482 2850 secundum
1493 2828 1581 2849 axem
1593 2815 1791 2850 columbaria
1801 2815 1896 2854 fiunt,

166 2863 360 2897 excauatain
371 2862 503 2910 singulis
513 2862 616 2909 spatijs
625 2876 660 2898 ex
673 2875 734 2897 una
753 2874 853 2910 parte.
866 2864 1017 2898 idautem
1036 2878 1110 2899 cum
1129 2865 1173 2899 est
1194 2866 1294 2899 nauali
1315 2865 1438 2898 ratione
1456 2864 1812 2910 picatum,hominibus
1834 2865 1897 2898 cal-

168 2912 316 2948 cantibus
327 2910 507 2949 uersatur‚&
517 2911 694 2946 hauriendo
704 2925 820 2959 aquam
842 2924 897 2958 per
907 2924 1078 2958 aperturas,
1089 2926 1158 2960 quae
1171 2913 1280 2948 suntin
1291 2911 1456 2947 frontibus
1466 2912 1623 2959 tympani,
1637 2912 1741 2947 reddit
1757 2926 1826 2947 eam
1841 2923 1896 2958 per

167 2960 366 2996 columbaria
378 2958 548 2994 secundum
557 2973 660 2995 axem.
688 2963 735 2994 Ita
745 2959 909 3007 supposito
918 2960 1149 3007 labrolignm,
1161 2962 1294 2997 habente
1312 2961 1375 2995 una
1386 2960 1490 2995 secum
1511 2961 1723 2995 coniunctum
1743 2961 1896 2999 canalem,

167 3013 199 3044 ἃ
211 3008 315 3044 hortis
336 3008 373 3043 ad
386 3009 628 3056 irrigandum‚&
640 3008 740 3043 salinis
758 3010 797 3044 ad
808 3010 1051 3055 temperandum
1063 3011 1213 3056 prebetur
1225 3023 1314 3055 aquae
1326 3010 1512 3043 multitudo.
1525 3010 1610 3043 Cum
1625 3020 1732 3044 autem
1744 3010 1836 3043 altius
1847 3022 1901 3042 exa

93 3057 142 3091 60
168 3058 353 3094 tollendum
362 3058 432 3097 erit,
443 3057 555 3093 eadem
573 3058 656 3093 ratio
673 3057 928 3094 commutabitur
937 3056 992 3094 sic.
1002 3058 1091 3093 Rota
1100 3057 1155 3097 fiet
1163 3060 1284 3094 circum
1301 3058 1512 3093 axemeadem
1523 3056 1795 3106 magnitudine,ut
1805 3057 1843 3090 ad
1856 3058 1900 3090 al-

1789 3105 1900 3141 titudi-
