2241 3318
261 135 325 178 28²:
920 136 1243 185 LIBER

370 263 459 315 De
472 260 769 339 §nomonicis
778 255 1030 317 rationibus
1048 279 1109 312 ex
1120 258 1265 333 γαλῆς
1278 256 1394 314 Solis
1411 274 1494 336 per
1504 258 1723 315 umbram
1734 264 1900 319 inuen-

489 341 566 399 tis,
584 336 649 394 &²
660 337 833 397 mundo
844 379 859 399 ,
871 352 1016 414 atque
1023 335 1237 418 planetis.
1432 342 1543 415 Cap.
1625 340 1691 394 Il
1697 341 1719 392 I
1730 344 1777 395 I.

432 471 439 489 ξ
458 455 491 489 A
519 464 627 489 autem
639 454 709 489 sunt
722 454 828 490 diuina
838 464 949 490 mente
958 464 1144 501 comparata
1154 480 1163 495 ,
1173 453 1327 505 babentt'13
1345 453 1592 490 admirationem
1611 467 1764 503 magnam
1783 455 2016 494 confidet-anti-

431 516 439 535 ῑ
482 502 542 537 bus
553 527 562 542 ‚
572 504 662 550 quod
679 504 791 538 umbra
808 504 987 551 gnomonis
1005 504 1241 551 aequino&ialis
1260 505 1320 539 alia
1343 504 1564 551 magnitudine
1582 503 1629 538 est
1638 504 1778 540 Athenis
1786 528 1796 544 ‚
1806 507 1865 540 alia
1876 509 2014 542 Alexan·

435 552 440 595 ξ
481 552 570 589 dnae,
579 553 637 586 alia
648 552 765 587 Romae
776 576 787 591 ,
798 565 866 586 non
877 552 989 587 eadem
1010 553 1179 587 Placentiae
1190 577 1199 592 ,
1210 552 1366 601 caeterisq;
1375 553 1462 587 orbis
1480 564 1636 588 terrarum
1646 554 1728 589 locis
1738 579 1748 588 .
1776 558 1889 601 Itaque
1912 556 2013 605 longe

387 622 395 629 x
428 597 439 611 ἢ
481 601 572 635 aliter
582 600 699 636 distant
719 599 952 648 descriptiones
969 601 1220 649 horologiorum
1249 602 1402 636 locorum
1423 601 1658 637 mutationibus
1667 627 1676 636 .
1707 603 1904 638 Vmbrarum
1923 607 2012 640 enim

255 649 532 696 aequinoffialium
542 649 822 696 magnitudinibus
841 649 1047 697 delignantur
1057 651 1346 685 analemmatorum
1363 649 1476 685 formae
1486 673 1497 690 ‚
1507 663 1543 685 ex
1553 649 1669 698 quibus
1678 650 1892 699 perficiuntur
1904 654 1944 688 ad
1963 667 2011 688 ra-

252 697 380 732 tionem
393 698 599 742 locorum‚v&
611 698 731 733 umbrae
742 700 1120 746 gnomonum,h0rarum
1129 697 1373 746 descriptiones.

305 745 459 782 Mirabilis
470 745 508 790 esi
519 759 566 787 ea,
575 758 638 794 quae
648 747 778 782 hocloco
787 749 823 782 de
832 746 925 782 rebus
931 747 1150 790 Astronomicis
1158 749 1293 782 doctrina
1302 750 1434 783 traditur
1441 761 1461 783 a
1469 755 1500 785 V
1500 750 1621 788 itruuio,
1624 750 1677 794 sed
1684 751 1861 785 admiranda
1868 753 1966 797 magis
1974 750 2012 794 esi

252 794 388 830 breuitas
399 818 410 834 ,
420 797 484 831 ideo
491 797 608 840 summa
618 808 685 830 cum
694 797 846 843 diligentia
855 819 866 835 ,
881 803 922 837 (φ
930 799 1023 831 animi
1027 797 1194 843 sagacitate
1206 797 1415 842 consideranda
1427 797 1498 841 fiant
1509 809 1544 832 ea
1553 820 1563 836 ,
1573 811 1636 845 quae
1645 798 1701 833 hoc
1718 798 1870 834 volumine
1881 809 2012 847 pertra—

251 844 384 881 ilantum
401 846 432 878 in
443 856 502 891 quo
514 844 676 890 breuiffime
692 867 703 883 ‚
717 857 778 893 quae
787 844 828 880 ab
837 845 904 892 alijs
921 845 1024 880 multis
1032 844 1232 880 uoluminibus
1241 848 1294 880 uix
1304 846 1506 893 explicantur,
1517 847 1703 891 &facillime
1710 850 1884 893 exiguntur.
1893 853 1948 893 Ne
1956 851 2011 895 igi-

249 902 302 927 tur
312 893 538 936 confundamur,
544 903 656 940 ponam
663 906 716 941 ego
727 895 828 929 ordine
830 894 950 941 singula
961 894 1121 938 secundum
1131 901 1162 930 V
1162 897 1214 928 itr.
1228 893 1337 933 verba,
1349 907 1412 943 quae
1423 907 1480 929 non
1487 893 1594 933 uerba,
1598 896 1650 939 sed
1653 897 1802 940 sententiat
1814 899 1917 944 potius
1925 899 2010 932 iudi-

250 941 422 984 candaefiaent
431 967 440 976 .
468 947 507 978 A
502 944 551 988 git
560 953 631 989 ergo
644 945 677 976 in
688 943 744 978 hoc
753 943 904 978 uolumine
913 945 949 978 de
957 946 1074 978 ratione
1082 943 1304 989 horologiorum
1315 968 1326 983 ‚
1334 956 1396 991 qua
1400 943 1474 989 solis
1481 946 1573 989 radiis
1581 967 1591 983 ,
1602 951 1642 985 ά·
1649 944 1823 980 umbrarum
1826 947 2011 993 produt'iio—

250 989 338 1024 nibus
350 989 569 1033 describuntur.
598 994 747 1037 Qoniam
760 1004 831 1026 uero
844 992 952 1027 umbra
962 1004 1018 1026 non
1040 991 1077 1035 esi
1090 992 1143 1037 nzfi
1151 991 1204 1026 ubi
1212 991 1383 1036 luminosum
1398 1001 1506 1040 corpus
1506 993 1551 1037 sit
1559 1015 1569 1030 ,
1579 1006 1599 1027 a
1607 1006 1665 1042 quo
1674 996 1752 1041 radij
1763 994 1853 1040 emiffi
1867 994 1907 1029 ab
1917 1004 2010 1042 opaco

248 1040 450 1086 impediuntur
460 1049 586 1087 corpore
598 1063 608 1078 ,
618 1043 681 1075 ideo
691 1042 726 1075 de
738 1040 916 1089 corporibus
933 1039 1092 1082 coelcstibus
1098 1043 1164 1087 agit
1172 1064 1182 1079 ,
1194 1053 1210 1075 e
1220 1040 1333 1086 quibua
1342 1043 1419 1088 radij
1435 1043 1612 1077 emittuntur
1623 1068 1632 1078 .
1659 1049 1697 1078 Et
1705 1043 1763 1078 hac
1781 1043 1935 1088 occasione
1945 1044 2010 1078 coelt'

248 1089 410 1121 motionem
420 1088 620 1136 amplectitur,
628 1088 759 1136 figuram
769 1102 898 1138 quoque,
909 1097 950 1131 a&
962 1090 1127 1133 menfiiram
1136 1092 1239 1124 totius.
1266 1092 1383 1126 Inducit
1393 1091 1450 1125 hoc
1457 1093 1606 1136 negotium
1614 1091 1671 1127 boc
1681 1094 1780 1130 modo,
1789 1094 1869 1140 quod
1877 1094 2009 1128 uidentes

248 1148 302 1170 nos
311 1138 386 1170 diem
393 1139 472 1171 noc'li
477 1147 593 1185 parem,
606 1141 684 1186 quod
694 1148 812 1186 tempus
819 1141 1022 1186 aequinofiium
1033 1148 1172 1177 uocatur,
1182 1141 1299 1174 Martio
1308 1163 1317 1179 ‚
1328 1145 1369 1179 (φ
1378 1138 1545 1187 Septembri
1552 1140 1646 1184 mense
1662 1142 1756 1175 medio
1760 1142 1828 1185 fiere
1835 1142 2008 1181 aduenam,

248 1183 396 1222 omnibus,
401 1195 510 1233 praeter
518 1189 552 1233 ijs
559 1208 570 1224 ,
582 1190 632 1234 qui
635 1186 692 1230 sub
703 1187 910 1236 ¹equinoliiali‚
920 1195 960 1228 &⁴
970 1191 1005 1235 ijs
1022 1190 1075 1236 qui
1077 1186 1135 1230 sub
1144 1200 1205 1222 axe
1208 1187 1280 1231 sunt
1289 1211 1299 1226 ‚
1311 1191 1450 1235 quoniam
1457 1190 1515 1223 illis
1515 1188 1632 1236 semper
1639 1212 1649 1227 ‚
1661 1192 1697 1235 ijs
1706 1200 1858 1237 nunquam
1867 1190 1913 1224 est
1919 1192 2010 1238 aequi-

248 1234 395 1268 nottium.
422 1237 566 1269 Videntes
575 1238 697 1283 inquam
710 1236 878 1279 huiusmodi
885 1238 1017 1272 nostium
1025 1258 1035 1274 ‚
1048 1242 1088 1276 ξφ
1099 1238 1213 1271 dierum
1220 1236 1450 1284 aequabilitatem
1458 1260 1468 1275 ‚
1479 1237 1731 1286 confiderantesq‘;
1740 1240 1934 1272 meridianam
1942 1250 2008 1273 um-

247 1280 336 1316 bram
345 1283 467 1327 diuet-fis
477 1283 558 1318 orbis
566 1284 736 1330 regionibus
745 1288 830 1321 uario
838 1308 848 1323 ,
861 1298 898 1320 ac
908 1286 1019 1329 diuerfi)
1027 1287 1113 1320 modo
1124 1281 1294 1332 respondere
1303 1285 1489 1328 ‘edificiorum
1498 1309 1508 1324 ‚
1517 1285 1717 1327 arborum&
1727 1286 1825 1322 aliarn
1835 1299 1934 1322 rerum
1943 1300 2008 1322 ere-

246 1331 367 1366 &a-rum
377 1331 599 1371 altitudinibus,
609 1345 678 1368 nam
690 1336 834 1371 nonnullis
842 1337 871 1369 in
882 1334 957 1370 locis
963 1344 1038 1382 pars
1046 1356 1056 1372 ,
1067 1334 1136 1380 alijs
1144 1336 1242 1368 maior
1254 1357 1264 1372 ‚
1273 1334 1342 1382 alijs
1349 1337 1445 1370 minor
1451 1333 1559 1370 umbra
1567 1338 1730 1371 meridiana
1738 1335 1949 1383 aequinofft'ialis
1958 1339 2007 1371 iii-

245 1381 344 1418 detur,
361 1392 502 1427 magnam
505 1381 650 1424 sumimus
659 1385 865 1419 admirationis
874 1384 1069 1430 occafionem.
1078 1385 1144 1418 inde
1154 1383 1289 1418 naturali
1295 1386 1407 1432 impetu
1415 1407 1425 1422 ‚
1436 1387 1622 1432 &appetitu
1630 1387 1670 1420 ad
1678 1386 1938 1431 initeftigationem
1948 1385 2005 1420 lm-

245 1430 297 1462 im
307 1431 351 1463 rei
359 1429 541 1474 diuersitatis
566 1432 695 1476 ferimur
704 1457 713 1467 .
742 1432 849 1481 Cumq;
865 1434 1018 1467 uideamus
1034 1430 1417 1477 umbrarumdiuerfitatem
1425 1445 1483 1467 non
1489 1433 1570 1481 poſje
1578 1433 1695 1468 aliunde
1704 1436 1821 1471 uenire,
1831 1433 1885 1479 nist
1892 1433 1933 1469 ab
1946 1434 2015 1482 ipsit·

251 1478 332 1512 Solis
341 1478 511 1517 altitudine,
528 1492 599 1514 cum
608 1480 660 1516 Sol
671 1493 706 1515 eo
717 1490 853 1529 tempore
861 1481 936 1518 alibi
943 1481 1047 1520 altior,
1056 1480 1132 1517 alibi
1133 1481 1257 1529 prcffior
1265 1481 1313 1524 esi,
1323 1484 1559 1529 aggredimurad
1568 1481 1829 1526 confiderationem
1836 1483 1938 1526 cursus
1950 1489 2006 1518 So-

243 1525 282 1559 lis
294 1528 419 1574 :itaque
430 1530 510 1575 quod
521 1530 552 1563 in
561 1529 632 1564 coelo
642 1530 756 1577 efficere
763 1542 822 1565 non
836 1530 987 1580 poffiimus
995 1553 1006 1570 ,
1018 1532 1048 1567 id
1057 1533 1086 1566 in
1095 1539 1178 1565 terra
1186 1530 1373 1565 lineamentis
1381 1554 1391 1570 ,
1402 1537 1443 1572 (y
1447 1532 1556 1578 figuris
1570 1531 1753 1577 defignamus
1761 1553 1771 1569 ,
1782 1533 1899 1566 ratione
1907 1534 2006 1566 totius

244 1577 286 1609 ad
293 1587 421 1623 unguem
421 1577 579 1620 seruantes
591 1603 602 1613 .
628 1581 770 1626 Qiuero
771 1578 915 1623 subtilius
924 1603 934 1619 ‚
946 1586 988 1620 (φ
996 1579 1104 1614 melius
1116 1591 1171 1614 eas
1178 1579 1386 1626 descriptiones
1404 1582 1549 1615 inuenerit
1557 1603 1567 1619 ,
1577 1582 1602 1614 is
1611 1582 1726 1626 ingenio
1733 1589 1828 1627 prope
1838 1581 1938 1614 diuino
1947 1583 2005 1626 esse

240 1627 396 1671 putandus
417 1625 467 1669 esi.
491 1632 533 1664 „A
533 1636 606 1676 tque
613 1627 718 1671 hoc'est
725 1630 826 1675 ‚quod
840 1628 984 1665 lrat't'enus
997 1642 1017 1664 a
1025 1634 1056 1665 V
1056 1630 1107 1662 itrss
1118 1629 1228 1662 dilium
1247 1627 1286 1670 esl
1296 1654 1305 1662 .
1314 1640 1384 1663 nam
1401 1629 1465 1664 alia
1480 1628 1587 1664 umbra
1605 1631 1766 1663 meridiana
1776 1626 1852 1662 alibi
1871 1638 2005 1676 tempore

242 1675 408 1722 aequinoc't'iq'
415 1675 656 1723 cognoscitun&
667 1689 709 1714 ex
723 1676 781 1714 hac
790 1677 961 1724 diuerfitate
976 1676 1150 1715 umbrarum
1160 1675 1241 1721 fiunt
1248 1678 1451 1715 analemmata
1461 1703 1471 1714 .
1493 1680 1574 1727 Qid
1582 1689 1653 1712 uero
1663 1677 1707 1724 fit
1714 1676 1886 1712 analemma
1894 1677 2005 1712 decla-

243 1731 295 1757 rat
304 1722 362 1757 hoc
370 1725 470 1761 modo.
686 1738 689 1741 Δ
736 1740 738 1744 >
792 1741 797 1745 «
1749 1749 1752 1752 ,

295 1773 488 1810 Analemma
499 1775 544 1810 est
554 1776 639 1811 ratio
657 1775 837 1825 conquisita
855 1777 938 1812 Solis
947 1776 1051 1820 cursu,
1060 1784 1092 1816 ὃ(
1103 1780 1224 1816 umbra·
1235 1777 1415 1817 crescentis,
1425 1791 1441 1812 a
1451 1777 1572 1812 brumae
1585 1773 1809 1811 obseruatione
1817 1775 1950 1811 inuenta
1958 1798 1968 1815 ,
1985 1788 2004 1811 e

243 1833 307 1869 qua
319 1833 376 1868 per
387 1823 529 1858 rationes
540 1825 820 1860 Architeaonicas
831 1826 979 1875 circiniq3
989 1827 1220 1877 descriptiones
1229 1829 1273 1864 est
1286 1830 1437 1861 inuentus
1455 1824 1590 1861 effeetus
1599 1826 1630 1860 in
1641 1825 1780 1860 mundo.
1794 1830 1796 1833 '

263 1872 265 1875 “
290 1875 420 1906 Annum
429 1882 545 1909 ueteres
555 1887 575 1909 a
587 1873 695 1910 bruma
703 1873 896 1922 incipiebant,
906 1878 1037 1912 nonnulli
1047 1878 1204 1914 hibernum
1208 1877 1368 1923 solstitium
1375 1885 1497 1913 uocant,
1506 1877 1585 1922 quod
1593 1873 1630 1918 esl
1639 1887 1658 1908 a
1667 1876 1761 1911 medio
1766 1874 1833 1918 fere
1841 1872 2003 1909 Decembri

242 1919 348 1963 mense.
357 1922 636 1958 animaduerterunt
646 1926 674 1958 in
683 1924 812 1965 meridie2
820 1923 930 1959 brumae
938 1925 1076 1961 umbram
1084 1927 1140 1973 effe
1148 1925 1413 1973 longioremqua'm
1421 1927 1450 1959 in
1470 1924 1584 1973 reliquo
1595 1933 1728 1971 tempore
1743 1925 1905 1958 meridiano
1915 1936 1925 1958 .·
1935 1924 2001 1957 ideo

238 1967 422 2014 colligebant
430 1978 501 2006 tunc
509 1973 652 2020 temporis
654 1972 748 2017 solem
756 1967 854 2006 minus
861 1972 915 2017 effe
915 1974 1008 2022 supra
1017 1972 1192 2023 horizonta.
1200 1973 1407 2020 Describentes
1415 1975 1507 2019 igitur
1515 1976 1545 2008 in
1552 1972 1643 2020 plano
1652 1971 1791 2010 circulos,
1803 1978 1845 2011 (φ
1853 1973 2001 2017 erigentes

233 2029 401 2063 gnomones
410 2042 420 2058 ‚
432 2020 527 2055 lineas
540 2034 560 2056 a
569 2020 720 2068 discriptis
729 2021 850 2056 circulis
861 2021 1010 2057 ducebant
1019 2026 1060 2059 ad
1067 2036 1191 2060 acumen
1198 2034 1382 2071 gnomonum
1393 2045 1403 2061 ‚
1415 2028 1456 2063 (ἓν
1464 2034 1516 2057 eas
1534 2021 1629 2057 lineas
1642 2022 1843 2069 producentes
1854 2022 1894 2054 ad
1893 2018 1999 2064 subie-

238 2066 320 2100 {tam
328 2066 447 2108 lineam,
457 2078 604 2116 tanquam
613 2071 653 2104 ad
656 2069 798 2117 planum,
809 2070 1028 2117 comparabant
1036 2073 1212 2110 umbrarum
1220 2073 1417 2118 longitudines
1419 2082 1602 2118 gnomonum
1610 2067 1820 2104 altitudinibus
1828 2090 1839 2106 ‚
1850 2077 1943 2116 atque
1953 2070 1998 2121 ita

233 2114 360 2162 fingulis
369 2116 472 2152 diebus
480 2121 674 2153 meridianam
682 2118 759 2154 Solis
767 2118 955 2154 altitudinem
960 2120 1122 2163 ffimentes,
1132 2120 1348 2170 conspiciebant
1360 2132 1379 2154 a
1388 2119 1497 2155 brumae
1506 2129 1637 2167 tempore
1647 2117 1747 2152 Solem
1754 2118 1887 2165 quotidie
1896 2127 1997 2162 magis

237 2166 269 2197 in
277 2166 401 2199 meridie
402 2166 668 2214 fiiprabori-zonta
677 2167 852 2213 consurgere
860 2190 872 2207 ‚
884 2171 978 2207 &ita
994 2169 1118 2206 umbras
1139 2173 1319 2206 meridianas
1341 2169 1511 2215 colligentes
1518 2191 1528 2207 ,
1541 2170 1571 2203 in
1577 2166 1667 2216 plano
1677 2165 1886 2212 descriptiones
1895 2164 1997 2209 facie-

237 2210 326 2251 bant,
335 2214 511 2250 ostendendo
520 2219 550 2250 in
557 2218 646 2251 terris
653 2216 718 2251 coeli
725 2217 851 2262 effectius
862 2242 871 2251 .
899 2223 988 2253 Hanc
997 2219 1226 2266 designationem
1243 2217 1394 2253 uocabant
1408 2217 1577 2253 analemma
1595 2238 1606 2255 ,
1624 2216 1703 2264 quod
1719 2213 1756 2256 esi
1767 2223 1911 2261 tanquam
1919 2224 1998 2261 prae-

232 2261 356 2309 scriptio
367 2264 467 2307 curfiis
475 2264 551 2298 Solis
555 2265 715 2308 secundum
725 2265 858 2308 diuerfizs
867 2265 948 2300 orbis
958 2270 1094 2313 regiones
1104 2293 1113 2301 .
1141 2269 1291 2313 Qom'am
1309 2266 1385 2301 uero
1397 2269 1426 2301 in
1444 2265 1653 2301 analemmatis
1670 2263 1809 2307 finitione
1818 2269 1849 2299 V
1849 2265 1902 2297 itr.
1918 2265 1998 2298 dixit

231 2310 321 2355 fiiiffi³
331 2313 483 2347 inuentum
496 2313 559 2347 coeli
583 2314 720 2359 effectum
733 2315 763 2347 in
773 2316 894 2353 mundo,
905 2316 968 2349 ideo
977 2317 1113 2352 declarat
1124 2316 1180 2351 hoc
1190 2317 1256 2351 loco
1266 2318 1337 2364 quid
1339 2316 1381 2361 fit
1389 2316 1527 2353 mundus,
1538 2315 1683 2361 inquiens.

287 2361 375 2395 Mvt«
383 2371 406 2393 n
416 2372 456 2395 vs
484 2372 590 2395 autem
602 2360 647 2395 est
659 2363 807 2396 omnium
817 2375 935 2398 naturae
948 2376 1053 2398 rerum
1065 2366 1239 2413 conceptio
1251 2363 1383 2404 summa,
1399 2361 1725 2409 coeluml1;lyderibus
1735 2360 1996 2396 conformatum.

287 2415 357 2444 Duo
367 2412 494 2445 mundus
502 2410 697 2458 ampleliitur
708 2426 719 2452 ,·
730 2410 889 2451 caelum&
900 2415 981 2460 quod
981 2413 1038 2458 fiib
1049 2414 1122 2449 coelo
1132 2416 1311 2450 continetur.
1337 2414 1472 2458 Necesse
1481 2410 1520 2454 esl
1527 2415 1556 2445 in
1565 2412 1666 2445 mundi
1673 2409 1806 2452 finitione
1815 2409 1919 2445 coelum
1931 2409 1996 2444 col-

237 2458 353 2496 locare,
363 2460 504 2507 quoniam
513 2461 542 2492 in
552 2458 623 2494 coelo
635 2458 765 2494 lucentia
777 2470 907 2507 corpora
917 2471 1079 2508 ponuntur,
1090 2475 1216 2511 quorum
1225 2464 1302 2509 raclij
1323 2462 1450 2510 cffefluzs
1457 2460 1577 2504 faciunt
1586 2462 1614 2493 in
1624 2461 1734 2494 mundo
1745 2484 1755 2494 .
1781 2460 1917 2494 Mundus
1925 2469 1995 2504 ergo

239 2506 279 2549 est
287 2510 448 2546 maximus,
459 2514 501 2548 (φ
506 2507 640 2551 summus
650 2520 751 2542 rerum
765 2518 937 2556 conceptus,
949 2514 1090 2558 quoniam
1096 2511 1262 2559 perfectum
1271 2521 1379 2559 corpus
1388 2508 1426 2552 esi
1439 2535 1448 2544 .
1458 2509 1697 2556 namperfelium
1707 2509 1763 2546 eft,
1773 2510 1821 2543 cui
1828 2507 1902 2541 nihil
1909 2505 1995 2549 deesi,

238 2562 282 2595 (φ
291 2558 340 2590 cui
350 2556 426 2590 nihil
435 2558 505 2592 acidi
510 2556 616 2604 potesl.
645 2560 763 2592 Mundo
774 2560 878 2603 igitur,
890 2561 1030 2605 quoniam
1043 2572 1083 2594 ex
1091 2570 1158 2595 tota
1165 2563 1293 2594 materia
1304 2559 1415 2602 conflat
1425 2581 1435 2597 ,
1446 2564 1487 2598 (y
1496 2560 1595 2592 omnia
1603 2556 1825 2604 complectitur,
1833 2558 1993 2602 principio,

238 2606 348 2643 medio,
361 2610 402 2644 φ
407 2604 469 2647 fine
477 2608 668 2644 terminatur,
681 2609 824 2644 continet,
834 2611 875 2646 (φ
886 2618 944 2640 non
954 2610 1133 2647 continetur,
1140 2609 1265 2657 perfec‘Zi
1278 2620 1384 2643 nomen
1392 2609 1530 2643 conuenit
1539 2629 1549 2645 ,
1561 2608 1640 2654 quod
1648 2607 1688 2640 illi
1695 2603 1802 2640 tribuit
1810 2610 1840 2640 V
1841 2605 1915 2638 itru.
1926 2616 1995 2638 cum

239 2654 332 2691 dicat,
363 2658 543 2702 {conceptio
547 2655 676 2698 stimma.
687 2657 701 2697 }
730 2667 799 2689 nam
800 2654 830 2699 fi
835 2654 982 2698 summum
993 2655 1042 2698 est,
1050 2667 1138 2692 extra
1152 2657 1244 2704 ipfiim
1253 2657 1326 2692 nihil
1335 2656 1383 2699 [fl.
1396 2655 1492 2703 inipso
1503 2658 1600 2689 omnia
1607 2656 1814 2702 concipiuntur
1824 2677 1833 2687 .
1856 2655 1996 2687 Mundus

239 2713 311 2747 ergo
324 2705 476 2737 maximus
486 2703 523 2745 ell
535 2707 664 2739 omnium
675 2713 853 2738 naturarum
864 2716 965 2738 rerum
978 2707 1129 2751 agentium
1137 2729 1146 2744 ‚
1154 2707 1219 2750 siue
1228 2708 1404 2753 patientium
1421 2704 1597 2752 complexus
1605 2726 1615 2742 ‚
1625 2705 1700 2737 unde
1708 2703 1854 2736 elementa
1862 2724 1872 2739 ,
1882 2708 1923 2741 (9-
1933 2709 1996 2750 que

239 2761 280 2783 ex
291 2749 445 2786 elementis
447 2752 540 2794 fiunt,
545 2752 612 2797 siue
624 2752 774 2796 abfhluta,
780 2751 846 2796 siue
854 2754 1024 2800 impofciia
1031 2755 1304 2800 formasint;coelos
1312 2765 1431 2802 quoque
1439 2755 1468 2786 in
1478 2752 1590 2801 quibus
1597 2753 1704 2797 agendi
1714 2754 1759 2785 uis
1767 2752 1844 2785 inest
1853 2774 1863 2790 ,
1871 2753 1901 2784 in
1910 2762 1995 2784 mun-

237 2799 274 2832 do
283 2801 427 2834 contineri
436 2801 545 2846 neceffi’
554 2800 603 2844 esi.
614 2802 656 2836 hae
667 2810 767 2836 autem
778 2810 891 2835 naturae
901 2813 1001 2836 omnes
1011 2805 1153 2849 contigua
1155 2803 1236 2847 fiint,
1247 2812 1282 2837 ut
1293 2805 1385 2837 omnis
1393 2813 1494 2836 eorum
1501 2804 1599 2835 uirtus
1607 2813 1626 2835 a
1636 2799 1797 2842 coelesiibus
1798 2799 1909 2845 formis
1922 2801 1994 2833 diri-

233 2853 384 2893 gattm&
396 2848 563 2895 effingatur.
591 2857 623 2886 V
623 2853 674 2885 itr.
687 2849 789 2885 coelum
797 2851 928 2898 appellat
928 2850 1082 2898 syderibus
1091 2854 1322 2897 confiirmatum,
1332 2862 1427 2898 quare
1435 2852 1471 2884 de
1478 2849 1550 2884 coelo
1559 2850 1685 2884 tranat.

285 2897 302 2929 1
310 2907 333 2928 n
367 2899 515 2931 uoluitur
524 2901 728 2934 continenter
737 2900 858 2933 circum
872 2910 999 2937 terram,
1009 2911 1105 2945 atque
1117 2913 1212 2938 mare,
1227 2913 1282 2947 per
1290 2902 1355 2934 axis
1365 2899 1506 2934 cardines
1516 2909 1689 2932 extremos.

286 2951 425 2981 ‘Priorem
433 2948 533 2980 mundi
537 2946 683 2988 finitionis
690 2957 808 2995 partem
817 2950 930 2983 omittit
941 2954 973 2984 V
973 2950 1026 2982 itr.
1038 2951 1178 2996 quoniam
1187 2952 1228 2984 ad
1246 2950 1399 2995 negocium
1410 2959 1466 2980 non
1472 2950 1604 2994 pertinet
1616 2972 1625 2981 .
1635 2947 1766 2982 alteram
1773 2959 1844 2981 uero
1861 2948 1993 2980 maxime

238 2992 426 3037 necessariam
435 2994 539 3037 sumit.
556 2999 665 3042 paucis
674 3009 745 3030 uero
755 2995 857 3030 uerbis
865 2997 964 3031 multa
973 2998 1178 3044 cotaipli·Ci¹itiir
1188 3021 1199 3037 ‚
1208 3010 1270 3046 qua
1278 3010 1331 3031 nos
1341 2999 1440 3031 ordine
1448 2994 1666 3042 explicabimus
1676 3023 1685 3030 .
1712 2996 1821 3031 Coelum
1829 2997 1920 3041 igitur
1928 3006 1993 3028 mo-

242 3044 316 3079 ueri,
315 3042 411 3085 sensui
417 3051 589 3090 patet,nam
598 3054 724 3091 corpora
735 3043 857 3087 coeleftia
865 3045 962 3080 locum
971 3055 1086 3080 mutare
1094 3047 1306 3093 conspiciuntur
1314 3068 1324 3083 ‚
1334 3057 1474 3092 quoniam
1484 3046 1571 3079 modo
1581 3046 1717 3079 uidentur
1725 3044 1883 3082 hoc‚modo
1891 3043 1952 3078 alio
1962 3045 1993 3077 in

236 3089 312 3132 loco.
362 3093 453 3138 Qod
458 3091 531 3128 uero
540 3095 725 3128 continenter
732 3115 743 3132 ,
753 3107 789 3128 ac
791 3094 858 3139 fine
866 3095 1022 3139 ceſjatione
1031 3105 1201 3134 moueatur,
1211 3098 1282 3131 item
1290 3103 1428 3143 apparet.
1452 3094 1543 3140 Qod
1549 3094 1665 3128 demum
1672 3095 1703 3128 in
1719 3091 1822 3128 orbem
1836 3101 1994 3148 moueatur

1912 3151 1995 3176 circa

2045 630 2090 654 10

2040 1126 2087 1148 20

2035 1616 2082 1650 30

2026 2110 2077 2146 40

2028 2605 2073 2641 50

2020 3089 2065 3121 60
