2241 3318
70 605 115 631 10

70 1093 117 1124 20

70 1590 116 1626 30

66 2095 117 2131 ,φ

811 114 1186 160 Romus.
1830 115 1895 159 285

136 193 290 239 seruantes
298 196 411 226 binam
418 191 533 224 ratione
547 186 760 231 alicuiussieilae
773 186 843 230 βω
859 188 944 221 modo
956 197 1023 221 cum
1043 198 1079 220 ea
1090 207 1101 224 ‚
1113 187 1199 220 modo
1208 185 1248 221 ab
1257 199 1292 221 ea
1300 209 1312 225 ‚
1320 189 1438 222 interim
1458 195 1529 222 ante
1536 199 1602 222 eam
1607 187 1687 232 ferri
1691 211 1702 226 ‚
1713 189 1894 232 contrariam

144 243 301 276 motionem
317 250 492 285 cognouere,
496 238 600 286 sepius
616 246 719 273 autem
735 239 764 271 id
773 235 973 279 obseruantes‚
983 237 1074 269 etiam
1082 244 1194 269 motum
1210 241 1294 269 Lunae
1313 239 1410 270 metiti
1413 236 1483 280 fient
1496 262 1505 270 .
1525 243 1555 272 V
1556 239 1611 271 nde
1620 238 1725 284 quinta
1733 236 1892 279 conclufio,

144 286 293 332 manifesta
301 286 349 329 esi,
358 299 448 334 quam
457 293 488 322 V
488 289 538 321 itr.
546 288 629 334 ponit
638 308 648 325 ‚
658 288 727 321 dum
735 287 807 320 dicit
822 285 924 328 {alius
932 284 994 318 alia
1009 284 1191 318 circuitionis
1205 286 1407 329 magnitudine
1423 283 1463 318 ab
1480 287 1629 320 occidente
1643 287 1684 320 ad
1700 287 1841 320 orientem
1859 286 1891 318 in

143 338 251 371 mundo
255 345 462 384 peruagantur
470 360 479 368 .
488 337 501 378 }
530 336 644 370 ‘Postea
653 333 790 380 cuiusilue
806 342 904 367 motus
912 333 1225 378 examinat,inquiens.

192 385 298 418 LVNA
324 384 376 419 die
385 384 515 421 octauo,
524 387 554 418 δι
566 381 733 430 uigeiimm
742 386 774 416 ἃς
783 382 920 427 amplius
930 382 1056 414 circiter
1065 381 1155 418 hora,
1165 380 1241 413 coeli
1253 379 1483 415 circuitionem
1493 394 1733 427 percurrens,ex
1744 395 1811 430 quo
1825 396 1894 417 εοε-

143 434 228 481 perit
239 433 331 480 figno
350 433 450 472 ire,ad
460 433 492 466 id
502 431 626 478 figuum
638 431 828 466 reuertendo
843 428 969 476 perficit
980 431 1122 462 lunarem
1133 425 1285 463 meniem.
1296 429 1351 462 Sol
1360 440 1467 463 autem
1486 429 1567 476 {igni
1583 430 1714 476 spatium
1726 455 1733 468 ‚
1745 433 1837 467 Quod
1847 431 1893 466 cst

142 481 337 517 duodecima
347 493 417 529 pars
434 481 546 514 mundi
556 477 660 514 mense
678 489 822 512 uertente
843 477 960 512 uadens
971 476 1153 514 tranfit‚ita
1165 475 1340 510 duodecim
1359 478 1519 512 mentibus
1537 479 1709 514 duodecim
1726 470 1893 526 fissnorum

141 530 309 565 interualla
325 529 532 576 peruagando
540 541 614 562 cum
627 527 708 561 redit
717 527 756 561 ad
768 527 799 561 id
809 526 934 573 (ignum
948 525 1033 560 unde
1044 525 1197 570 coeperit,
1209 523 1339 569 'perficit
1357 523 1493 571 spatium
1514 528 1668 560 uertentis
1688 518 1774 562 anni.
1796 540 1813 561 e
1823 542 1840 562 x
1850 541 1892 562 eo

140 590 241 628 quem
251 579 408 613 circulum
423 581 513 612 Luna
532 576 687 611 terdecies
707 576 741 610 in
759 575 935 611 duodecim
954 573 1114 609 mentibus
1133 573 1290 619 percurrit
1298 595 1308 612 ‚
1318 586 1392 608 eum
1413 575 1470 609 Sol
1487 573 1603 609 eisdem
1622 574 1780 610 mensibus
1799 575 1893 612 semel

141 628 333 675 permetitur
342 652 353 663 .

189 676 244 714 Sol
250 687 359 711 annum
366 698 379 714 ‚
389 680 469 711 Luna
484 675 620 719 mensem,
625 674 850 724 primus'motus
857 672 1034 718 diemffhcit.
1047 675 1150 720 Qare
1157 680 1257 706 motus
1265 671 1428 716 huiusmodi
1431 672 1503 717 fiant
1519 672 1674 719 diligenter
1681 676 1883 710 examinandi.

140 724 306 772 Postqttam
313 728 403 772 igitur
410 723 548 768 ostensum
556 724 595 767 esi
602 727 631 760 in
646 723 775 759 motibus
784 723 942 766 coelesiibus
950 722 1005 767 effe
1022 721 1222 765 diuersitatem
1232 743 1242 758 ‚
1257 730 1404 768 quatenus
1420 723 1460 756 ad
1476 733 1579 756 eorum
1595 730 1730 755 motuum
1746 725 1889 757 terminos

135 774 271 821 specht,
280 785 357 809 nunc
372 772 529 815 ostenditur
544 776 636 809 etiam
643 773 728 818 inesse
737 772 936 816 diuerfitatem
946 783 1047 806 eorum
1056 794 1065 808 ,
1082 778 1230 818 quatenus
1237 771 1277 804 ad
1284 769 1468 805 celeritatem
1477 794 1486 809 ‚
1500 776 1541 810 Θ
1557 771 1732 805 tarditatem
1748 773 1891 817 pertinet.

141 825 245 869 Qare
251 824 393 872 temporis
398 822 552 857 interualla
561 825 683 857 metitur
691 844 702 860 ,
712 820 821 870 quibus
830 821 1032 869 unumquodq5
1049 819 1188 867 syderum
1195 820 1341 864 integram
1351 819 1545 862 uersationem
1553 821 1664 854 circum
1672 818 1737 853 coeli
1744 818 1893 853 ambitum

134 870 236 915 flacit.
260 876 336 917 NJs
343 880 379 906 ut
386 870 446 906 haec
451 870 578 915 fficilius
590 872 790 916 intelligantur
798 892 808 907 ‚
822 872 954 917 quiedam
962 866 1198 903 examinabimus
1207 878 1266 902 non
1284 869 1344 902 indi
1340 879 1403 913 gna
1406 867 1486 912 scitu
1495 890 1506 906 ‚
1516 880 1556 903 ex
1568 866 1678 916 quibus
1688 868 1759 901 ordo
1769 890 1779 905 ‚
1790 879 1893 901 nume-

140 930 216 958 νινε,
224 919 348 968 positio,
359 926 506 960 &motus
521 919 638 955 orbium
646 918 809 961 ccelesiium,
826 917 1007 965 &syderum
1026 916 1229 963 dignoscentur
1237 941 1246 950 .
1275 914 1397 958 Coelesiis
1415 926 1525 951 natura
1535 925 1696 964 corporata
1705 938 1715 953 ‚
1726 915 1892 959 &summa

141 968 209 1003 otto
217 970 352 1004 continet
363 968 608 1016 coelosfttparatos
615 992 626 1008 ,
637 977 792 1014 contiguos
799 990 809 1005 ‚
821 973 861 1007 &¹
871 969 946 1002 idem
958 975 1093 1001 centrum
1103 976 1170 999 cum
1178 967 1286 1000 mundo
1295 963 1440 999 habentes
1448 988 1457 1003 ‚
1468 975 1557 1000 extra
1567 977 1643 1012 quos
1659 965 1754 998 nullus
1764 965 1809 999 efi
1824 977 1894 998 mo-

140 1024 202 1056 tus,
211 1017 264 1062 nisi
272 1019 480 1065 imaginatione
494 1017 667 1064 effic'lus,ut
675 1015 781 1054 multa,
795 1028 858 1064 qua
875 1015 962 1050 nobis
969 1017 999 1048 in
1016 1014 1062 1048 his
1078 1012 1202 1048 orbibus
1216 1022 1377 1062 apparent,
1388 1013 1488 1061 aliquo
1505 1016 1590 1048 modo
1599 1013 1763 1056 seruemus.
1773 1018 1892 1060 Septem

142 1064 231 1101 orbes
238 1065 410 1101 errantibus
411 1065 742 1114 septemconceduntur‚
758 1067 862 1099 citima
870 1066 959 1098 terris
970 1069 1050 1097 Dina
1067 1062 1258 1106 esi,summus,
1273 1069 1314 1103 &
1330 1062 1533 1108 remotiffimus
1551 1061 1588 1105 esi
1607 1067 1772 1099 Saturnus,
1782 1061 1893 1109 reliqui

133 1112 191 1158 fi⁴⁰
199 1116 300 1150 ordine
308 1116 503 1153 collocantur,
512 1123 546 1149 ut
554 1116 694 1150 dicemus.
705 1114 889 1151 (arabici-es,
900 1111 1013 1160 quibua
1021 1111 1224 1155 describuntur
1226 1111 1300 1154 sunt
1308 1112 1350 1149 hi,
1386 1116 1414 1154 Β
1448 1117 1467 1147 S
1469 1121 1604 1146 atui-nus.
1635 1114 1672 1155 1ss
1680 1136 1690 1145 .
1718 1112 1866 1158 Iuppiter.

146 1171 182 1204 0‘
214 1170 316 1198 Mars.
343 1165 386 1206 ξε
412 1163 476 1198 Sol.
514 1165 540 1207 ῼ
575 1169 687 1200 Venus.
723 1163 750 1206 Q
784 1163 967 1197 Mercurius.
999 1164 1033 1208 ὢ
1042 1185 1051 1195 .
1083 1166 1174 1195 Luna.
1203 1160 1341 1194 ottanum
1351 1160 1454 1194 coelum
1462 1183 1472 1198 ,
1504 1162 1585 1208 quod
1594 1159 1818 1202 firmamentum
1833 1169 1893 1206 ap-

140 1213 266 1260 pellant,
278 1212 494 1256 infixisfiellis,
504 1210 728 1253 &haerentibus
737 1210 776 1253 esi
792 1209 992 1250 attributum,
1018 1211 1183 1244 maximum
1199 1214 1240 1248 &⁴
1256 1208 1472 1257 capacissimum
1483 1211 1640 1257 ,quoniam
1657 1207 1773 1255 reliqna
1794 1210 1893 1242 omnia

142 1263 286 1300 continet,
295 1271 440 1309 tanquam
446 1263 576 1296 omnium
585 1261 668 1296 locus
678 1285 688 1295 .
697 1265 857 1306 NJmerus
866 1257 983 1293 orbium
990 1271 1032 1294 ex
1039 1257 1193 1293 celeritate
1201 1258 1383 1301 inferiorum,
1394 1264 1435 1297 &
1443 1270 1483 1293 ex
1491 1259 1636 1292 tarditate
1648 1256 1683 1300 fii
1681 1267 1703 1304 p
1707 1258 1834 1290 eriorum
1838 1256 1891 1303 sy-

143 1311 248 1345 derum
255 1309 448 1359 deprehensus
462 1309 512 1353 est,
522 1322 591 1344 nam
596 1309 710 1357 sjtdera,
720 1320 781 1356 qux
789 1310 818 1342 in
825 1309 934 1342 mundo
951 1307 1068 1345 lucent,
1077 1307 1227 1354 fiiperiora
1241 1308 1360 1341 tardius
1374 1316 1550 1344 mouentur,
1560 1306 1700 1349 inferiora
1715 1304 1786 1338 uero
1805 1303 1893 1339 cele-—

142 1360 206 1393 rius
216 1384 225 1394 .
234 1362 367 1394 sumitur
377 1371 493 1407 quoque
502 1360 610 1394 ordinis
617 1366 825 1404 argumentum
833 1368 874 1390 ex
882 1368 928 1394 eo,
938 1357 1018 1404 quod
1026 1355 1139 1390 altiora
1147 1363 1276 1402 corpora
1285 1354 1324 1390 ab
1332 1354 1521 1399 inferioribus
1532 1353 1734 1390 occultantur,
1745 1365 1814 1386 nam
1824 1365 1892 1387 cum

143 1418 197 1442 nos
203 1409 233 1442 in
241 1410 300 1443 imo
308 1406 478 1443 habitemus
485 1430 497 1447 ‚
509 1409 588 1456 quod
597 1406 690 1442 oculis
699 1404 801 1448 nostris
805 1407 980 1453 proximum
988 1403 1038 1448 esi,
1049 1404 1182 1439 occultat
1190 1415 1226 1437 ea
1234 1426 1246 1441 ‚
1256 1404 1555 1451 quaefiiperiorafitnt‚
1565 1414 1633 1438 cum
1641 1404 1719 1437 inter
1728 1401 1840 1440 oculos,
1851 1407 1893 1441 &-

141 1455 406 1504 corpusfiiblimius
419 1457 615 1503 interponitur
625 1479 636 1494 ,
646 1456 748 1490 addito
755 1466 790 1489 eo
800 1453 972 1497 discrimine,
985 1454 1064 1502 quod
1072 1451 1110 1495 eft
1120 1455 1197 1486 inter
1204 1454 1363 1487 terminum
1371 1452 1544 1497 uifionis,&
1552 1453 1663 1489 locum,
1672 1453 1702 1484 in
1711 1462 1768 1497 quo
1777 1450 1893 1495 uerefi-

140 1512 206 1538 tum
213 1503 351 1551 estsjdus.
362 1506 442 1553 quod
448 1506 566 1553 quidem
575 1505 726 1549 discrimen
737 1503 867 1550 aspettns
876 1503 1035 1547 diuersitas
1043 1510 1171 1536 uocatur
1180 1524 1189 1534 .
1202 1512 1263 1548 qua
1275 1500 1316 1535 nil
1323 1501 1406 1538 aliud
1416 1500 1454 1543 esi
1462 1524 1473 1539 ‚
1484 1500 1575 1548 qua‘m
1583 1502 1705 1534 maioris
1715 1499 1820 1534 circuli
1838 1512 1891 1533 ar·

139 1565 208 1591 cus,
217 1555 270 1601 qui
270 1553 364 1601 supra
373 1555 516 1588 uerticem
526 1554 633 1598 transit
641 1551 757 1588 duabus
767 1552 853 1585 lineis
861 1552 1042 1598 interceptus
1050 1573 1060 1588 ‚
1069 1561 1197 1598 quarum
1206 1550 1335 1584 alteram
1344 1548 1385 1584 ab
1395 1549 1474 1584 orbis
1487 1559 1589 1584 centro
1601 1572 1612 1587 ,
1622 1548 1751 1582 alteram
1760 1548 1799 1582 ab
1811 1560 1892 1582 ocu-

140 1600 171 1635 lo
174 1602 266 1650 supra
273 1610 359 1637 terrae
370 1601 495 1650 planum
499 1605 626 1649 produci
634 1603 843 1647 imaginamur,
852 1601 896 1634 ita
904 1608 938 1634 ut
947 1606 987 1640 (φ
1001 1609 1055 1646 per
1063 1608 1198 1633 centrum
1208 1596 1324 1645 syderis
1331 1597 1479 1642 transiens
1487 1601 1516 1632 in
1524 1610 1630 1632 arcum
1645 1597 1816 1644 praedci‘t'um
1828 1605 1890 1631 ter-

138 1652 279 1684 minetur.
305 1652 394 1684 Linea
401 1663 471 1685 uero
478 1652 530 1686 illa
537 1674 548 1690 ‚
555 1663 618 1699 quae
625 1649 665 1686 ab
675 1648 757 1684 orbis
768 1658 871 1683 centro
879 1658 933 1695 per
942 1647 1164 1691 mediumsydus
1173 1649 1212 1681 ad
1219 1659 1323 1682 arcum
1340 1649 1369 1681 in
1384 1646 1527 1692 signifero
1543 1647 1671 1694 produci
1678 1647 1891 1689 imaginamur,

138 1700 204 1733 ueri
211 1698 270 1734 loci
273 1698 354 1733 linea
361 1709 560 1747 nuncupatur,
569 1699 607 1744 esi
616 1701 693 1735 enim
701 1707 844 1745 tanquam
853 1699 943 1731 index
951 1698 1014 1731 ueri
1022 1695 1137 1744 syderis
1145 1695 1204 1730 loci
1210 1696 1277 1739 ‚sed
1302 1708 1337 1730 ea
1348 1718 1357 1733 ‚
1368 1707 1429 1742 qua*
1449 1694 1489 1729 ab
1510 1695 1595 1730 oculo
1602 1705 1657 1741 per
1665 1696 1791 1728 medium
1800 1693 1893 1741 fidus

139 1749 182 1782 ad
182 1747 356 1793 figniferum
358 1750 508 1796 peruenit,
519 1749 690 1796 apparentis
697 1745 756 1780 loci
764 1746 842 1779 linea
858 1747 1027 1779 nominatur
1037 1767 1046 1783 ‚
1057 1746 1196 1792 quoniam
1205 1753 1400 1791 apparentem
1408 1756 1465 1778 non
1474 1743 1695 1790 uerumsjideris
1710 1742 1722 1776 l
1725 1754 1808 1777 ocum
1817 1745 1845 1776 in
1848 1742 1893 1786 fi-

135 1796 255 1842 gnisero
260 1798 364 1844 ponit.
374 1799 460 1832 Vnde
467 1797 595 1842 angulus
602 1799 681 1831 inter
688 1795 761 1828 duas
767 1793 923 1840 prudii‘ias·
931 1793 1023 1827 lineas
1041 1795 1223 1840 interceptus
1233 1815 1243 1830 ,
1253 1792 1424 1836 disi-rinnau
1438 1795 1502 1826 eius
1521 1792 1710 1827 interuallum
1728 1793 1783 1825 erit
1795 1813 1804 1828 ,
1815 1792 1895 1837 quod

140 1853 230 1880 tanto
243 1846 339 1879 maius
348 1847 415 1883 erit,
425 1855 536 1893 quanto
546 1845 715 1892 depressiori
722 1841 735 1875 l
737 1854 791 1876 oco
793 1841 886 1889 sjidus
895 1843 953 1876 erit
960 1842 1149 1879 collocatum,
1162 1847 1202 1881 ἕρ·
1212 1843 1252 1876 ad
1259 1841 1449 1888 horizontem
1460 1842 1635 1889 proximum
1647 1865 1657 1875 .
1690 1844 1710 1875 S
1713 1840 1748 1874 ed
1763 1839 1895 1887 cumsjt-

140 1894 197 1928 dus
204 1895 337 1928 imminet
343 1896 463 1932 uertici,
476 1895 587 1928 nullum
596 1894 682 1937 discri

140 1953 209 1976 men
225 1942 355 1989 aspetlus
371 1943 436 1980 eft,
447 1945 585 1990 quoniam
602 1942 683 1978 lineae

141 1992 194 2025 iuae
210 1993 240 2024 in
257 2002 347 2025 unam
363 2001 487 2029 coeunt,
497 1993 560 2026 ideo
576 1991 680 2035 discri-

140 2051 208 2073 men
225 2039 386 2083 huiufinodi
401 2041 431 2073 in
448 2045 529 2075 Luna
546 2042 681 2075 maximi

142 2087 182 2130 est
189 2110 199 2126 ,
205 2098 336 2136 paruum
343 2090 373 2122 in
383 2088 450 2123 Sole
458 2112 468 2127 ‚
479 2092 534 2124 uix
541 2087 681 2133 sensibile

142 2139 174 2172 in
183 2143 296 2174 Marte,
309 2142 350 2177 (φ
358 2138 438 2172 nullo
447 2140 535 2173 modo
551 2141 581 2173 in
584 2138 678 2184 sirpe-

143 2183 272 2220 rioribus
278 2185 407 2231 dignosci
417 2185 525 2234 potest,
540 2188 681 2234 quoniam

144 2233 186 2269 ab
194 2232 370 2273 oculis‚&a
378 2244 480 2270 centro
488 2238 621 2270 maxime
629 2234 686 2270 ab-

136 2282 222 2328 sunt.
232 2282 396 2330 Descriptio
406 2292 508 2319 autem
516 2286 659 2319 diliorum
668 2282 706 2327 esi
713 2282 785 2318 haec.
814 2288 893 2317 Luna
902 2284 1004 2331 igitur,
1013 2285 1153 2330 quoniam
1165 2283 1347 2329 uelocissimo
1365 2282 1451 2327 cursu
1453 2284 1565 2328 fertur,
1576 2282 1725 2330 maioraq,·
1736 2280 1830 2316 habet
1842 2282 1887 2316 ui—

136 2330 232 2376 fionis
240 2329 416 2374 discrimina,
426 2338 466 2372 &⁴
477 2336 547 2381 quia
556 2334 671 2368 demum
679 2332 776 2367 Solem
784 2333 903 2379 impedit
912 2355 922 2371 ‚
930 2334 1069 2379 proxima
1078 2335 1166 2367 terris
1175 2334 1221 2367 est
1229 2356 1239 2371 ,
1248 2336 1389 2381 quoniam
1405 2345 1476 2366 uero
1493 2331 1597 2380 aliqua
1615 2344 1655 2366 ex
1672 2331 1818 2377 prediciis
1837 2342 1890 2364 ra-

142 2378 484 2419 tionibusconcluditur,
494 2384 618 2420 Martis,
629 2384 719 2419 Iouis,
731 2387 772 2420 &¹
781 2381 1012 2430 Saturnisjtdera
1021 2381 1115 2427 supra
1121 2381 1219 2415 Solem
1242 2383 1384 2417 collocari
1394 2383 1475 2419 ,ideo
1494 2387 1532 2416 M
1535 2384 1609 2415 artis
1619 2403 1628 2418 ‚
1638 2386 1679 2420 &⁶
1688 2381 1813 2414 Veneris
1836 2390 1890 2412 or-

144 2426 262 2472 besfitb
283 2428 352 2463 Sole
368 2429 424 2473 effe
441 2430 610 2476 colligemus
621 2437 785 2466 ,Caeterum
807 2435 848 2469 (φ
863 2441 899 2464 ea
916 2433 994 2465 ratio
1012 2432 1092 2476 cogit
1101 2441 1154 2464 nos
1170 2431 1245 2473 infra
1265 2430 1365 2465 Solem
1376 2433 1431 2465 duo
1442 2431 1491 2465 illa
1505 2430 1611 2478 sydera
1629 2430 1799 2465 collocare,
1811 2428 1892 2474 quod

137 2477 282 2522 seruatur
294 2480 450 2526 proportio
466 2480 614 2514 interualli
631 2492 651 2514 a
668 2478 736 2514 Sole
749 2479 790 2512 ad
805 2487 889 2512 terrae
904 2488 1041 2514 centrum
1051 2502 1060 2517 ‚
1078 2481 1217 2526 quoniam
1232 2482 1354 2514 nimium
1371 2478 1439 2524 esset
1457 2479 1648 2514 interuallum
1666 2481 1743 2511 inter
1765 2482 1888 2514 Lunam,

144 2532 188 2566 ά·
203 2526 303 2561 Solem
317 2549 328 2564 ,
345 2526 399 2570 nisi
408 2525 517 2574 sjtdera
531 2528 582 2562 illa
598 2540 666 2562 cum
676 2527 738 2570 fiiis
756 2525 877 2561 orbibus
893 2529 1150 2576 interponerentur
1160 2553 1169 2562 .
1188 2530 1263 2562 unde
1279 2530 1492 2563 diametrorum
1516 2529 1668 2564 rationes,
1698 2536 1760 2572 que
1781 2523 1888 2559 tabu-

144 2574 182 2609 lis
196 2575 323 2610 colleiflae
346 2577 503 2613 uidentur,
515 2577 632 2619 seruari
648 2575 765 2622 poffiint
783 2600 793 2609 .
823 2578 945 2620 Rationi
971 2588 1090 2624 quoque
1106 2576 1332 2620 consentaneum
1349 2577 1394 2611 eii
1419 2575 1518 2610 Solem
1546 2577 1675 2609 medium
1695 2572 1749 2617 effe
1764 2580 1805 2613 ὅ]
1822 2574 1855 2614 su
1873 2594 1888 2599 -

140 2626 276 2671 periores
296 2623 441 2672 planetas
455 2623 495 2658 ab
509 2624 698 2669 inferioribus
714 2625 842 2658 diuidere
858 2646 868 2661 ,
894 2627 1036 2672 quoniam
1052 2625 1205 2665 inferiores
1223 2637 1283 2659 una
1303 2627 1380 2660 inter
1385 2624 1422 2667 sev
1435 2625 1652 2667 uerfittionum‚
1664 2629 1703 2662 (φ
1722 2624 1887 2656 motionum

143 2674 272 2710 ratione,
281 2672 517 2717 &similitudine
523 2675 711 2710 conueniunt,
721 2671 782 2707 alia
791 2684 862 2707 uero
866 2674 1044 2720 superiores.
1055 2674 1095 2707 illi
1104 2675 1134 2707 in
1144 2673 1294 2720 epicyclis,
1305 2673 1335 2707 bi
1344 2676 1373 2707 in
1382 2671 1579 2716 deserentibus
1588 2670 1721 2705 orbibus.
1732 2670 1784 2704 Sol
1792 2672 1886 2715 igitur

145 2720 270 2759 oculus,
280 2727 382 2760 &cor
388 2723 490 2756 mundi
497 2723 560 2760 esi,
572 2727 613 2761 &⁴
623 2731 770 2770 tanquam
779 2733 850 2759 rex,
862 2727 903 2761 (φ’
911 2723 1044 2756 dominus
1053 2724 1083 2756 in
1102 2716 1210 2756 medio'
1219 2723 1382 2757 collocatur
1394 2746 1403 2755 .
1430 2721 1558 2767 Difficile
1567 2720 1637 2754 uero
1655 2720 1840 2756 es‘iiudicare
1851 2720 1887 2753 de

144 2771 312 2808 Mercurio,
324 2775 365 2809 &¹
373 2776 491 2806 Venere
498 2793 509 2808 ,
523 2773 589 2818 quis
596 2782 698 2805 eorum
700 2769 837 2817 superior
839 2769 882 2813 sit
890 2792 900 2807 ‚
911 2772 1052 2817 quoniam
1057 2773 1126 2818 pari
1128 2771 1226 2814 ferme>
1233 2769 1425 2804 uolubilitate
1434 2769 1588 2812 uersantur
1595 2791 1604 2806 ‚
1612 2777 1741 2815 paruum
1750 2767 1795 2801 est
1806 2768 1886 2814 aspe-

145 2817 212 2852 llus
220 2817 434 2861 discrimenmec
440 2821 604 2866 percipitur
612 2821 678 2867 quis
686 2829 788 2853 eorum
795 2817 923 2852 alterum
932 2818 1077 2853 occultet.
1090 2820 1152 2864 Qi
1159 2831 1228 2853 uero
1232 2816 1482 2866 speculationibus
1490 2819 1620 2864 aptiores
1623 2816 1759 2860 suerunt,
1771 2824 1844 2849 natu
1850 2828 1886 2850 ra

144 2867 337 2901 intentionem
344 2868 542 2901 coniectantes
550 2869 652 2902 dixere
662 2893 670 2902 .
680 2876 820 2902 naturam
828 2867 948 2913 effeciffe
954 2866 1147 2912 planetarum
1156 2867 1242 2901 orbes
1249 2866 1289 2901 ab
1305 2866 1442 2913 ecliptica
1471 2865 1629 2903 inclinatos
1644 2873 1678 2899 ut
1687 2867 1715 2899 in
1724 2866 1806 2898 coitu
1816 2887 1826 2902 ,
1844 2870 1886 2903 &-

146 2913 404 2962 obieft'usyderum
412 2917 442 2950 id
448 2916 588 2962 punft'um
598 2913 711 2951 euitare
716 2913 840 2963 possent,
851 2916 930 2962 quod
936 2916 1079 2950 diametro
1088 2914 1239 2961 obijcitur‚
1249 2927 1317 2949 nam
1324 2920 1342 2949 S
1348 2914 1402 2948 olis
1411 2916 1552 2948 uicinitas
1562 2914 1706 2957 illisfbret
1716 2915 1820 2950 noxia,
1825 2925 1883 2960 quo

145 2964 226 2998 niam
238 2962 355 2998 luminis
365 2965 509 3007 deseclum
518 2966 701 3011 parit‚quem
710 2963 907 3005 combustione¹
914 2962 1039 2998 barbari
1052 2974 1162 2998 uocant
1174 2989 1182 2997 .
1193 2963 1324 2998 obieft'us
1332 2964 1423 2997 etiam
1430 2985 1441 3001 ‚
1451 2974 1538 3011 quem
1548 2962 1762 3010 oppositionem
1772 2963 1884 2997 dicunt,

138 3011 170 3056 si
177 3020 242 3047 toto
251 3014 396 3047 diametro
399 3012 476 3054 fiat,
486 3012 614 3060 eclipsim
615 3012 697 3057 fficit
705 3036 715 3052 ‚
725 3011 846 3061 qualem
859 3017 940 3064 Luna
945 3010 1072 3058 singulis
1097 3011 1243 3056 menfibus
1256 3020 1417 3059 pateretur
1427 3033 1438 3049 ‚
1447 3010 1499 3056 nisi
1506 3010 1546 3045 ab
1562 3010 1700 3058 ecliptica
1718 3012 1776 3043 iter
1788 3008 1888 3053 defle-

1326 1952 1360 1974 a.
1387 1949 1522 1975 centrum
1532 1939 1644 1974 mundi.

1330 1987 1362 2023 b.
1389 1987 1684 2036 oculusinfiiperficie
1700 1995 1798 2022 terrae.

1331 2051 1359 2072 c.
1383 2036 1495 2082 sydus.

1333 2089 1364 2122 d.
1390 2095 1509 2121 uertex.

1330 2134 1352 2170 b
1376 2148 1394 2170 c
1418 2147 1451 2169 a.
1474 2133 1796 2182 aigulusdiuersitatis.

71 3067 122 3100 ‘o
145 3061 249 3097 tieret.
256 3063 336 3097 Hinc
345 3059 383 3104 est
391 3063 469 3110 quod
476 3072 577 3096 rerum
585 3071 693 3098 natura
698 3071 809 3111 parens
815 3070 915 3107 magu*
931 3060 1009 3096 hanc
1020 3072 1134 3096 noxam
1150 3063 1265 3096 euitare
1272 3060 1369 3096 uoluit
1375 3062 1406 3095 in
1417 3058 1624 3109 hissyderibus
1633 3081 1643 3098 ,
1654 3058 1791 3107 quaefiint
1806 3060 1888 3092 circa

1796 3104 1898 3142 Solem
