2195 3313
273 112 359 166 illis
372 106 654 185 agricultura
672 100 1523 180 [cilicemnauigationffiaedificatione,
1537 99 1759 175 lanifici0,
1775 101 1840 161 Εἴ
1853 100 2013 177 huius-2

275 190 399 242 modi
414 185 513 259 aliqs
520 184 814 261 pretermissis
826 223 840 243 ,
853 180 1067 235 ludorum
1064 180 1339 257 spectaculis
1350 222 1363 241 ,
1379 180 1555 254 musicis
1567 182 1909 242 certaminibus,
1924 175 2017 236 nii-⁴

277 271 381 326 mis,
398 264 462 322 Εἴ
467 260 743 338 histrionibus
765 277 951 336 operam
976 258 1173 314 dabunt.
1199 259 1295 311 Sed
1314 278 1396 311 nec
1416 263 1542 311 inter
1565 279 1642 312 eas
1663 260 1851 334 quidem
1872 276 2017 324 artes,

276 363 370 417 qua
381 343 448 394 ad
455 357 555 392 uita
566 339 671 414 usus
680 337 938 414 neceffarios
946 340 1182 414 pertinent
1193 376 1208 396 ,
1222 336 1430 395 iudicum
1438 335 1675 411 fi’ntenti'a
1690 338 2017 412 conspirabunt:

278 441 382 472 eam
394 421 517 470 enim
529 416 718 492 quifique
724 417 868 488 facile
891 428 1134 492 anteponet
1147 453 1161 473 ,
1178 417 1227 467 in
1249 435 1345 487 qua
1358 412 1618 490 plurimum
1616 415 1672 490 st’
1689 413 1916 490 proseciffe
1941 436 2017 468 co-

267 499 504 572 gnouerit.
605 494 703 547 uod
713 497 1023 569 experimento
1027 509 1112 569 per
1123 492 1216 544 dies
1227 489 1330 563 fieri
1355 511 1605 544 cernimus.
1633 490 1772 552 Porro
1794 491 1872 565 aliq
1891 494 2017 565 stim,

277 574 406 649 quisi
414 571 670 646 huiusmodi
683 587 809 624 artes
816 570 1216 648 profhquerentur,
1232 585 1465 643 tanquam
1481 569 1606 642 strui
1618 567 1753 643 gleba
1761 571 1954 624 ‘addicti'
1962 569 2018 646 fi’

278 654 402 725 longe
413 649 472 703 ab
485 653 769 726 ingenuitate
784 647 917 722 abeff’
924 645 1148 723 putarent
1162 661 1411 722 :propterea
1423 647 1548 720 quod
1554 648 1769 700 uiderent
1791 647 2014 708 rudiores,

280 730 346 786 Εἴ
369 748 629 782 communes
651 726 871 800 quosdam
893 723 1092 777 homines
1104 764 1118 784 ,
1145 744 1205 776 ex
1225 720 1487 777 uehementi
1501 723 1746 801 phantafia
1772 732 1795 795 (
1806 745 1860 778 ea
1895 728 2020 777 enim

271 809 553 886 principium
565 805 620 876 est
642 801 977 874 artefactorum
1001 803 1242 867 omnium)
1266 801 1550 854 admiranda
1572 818 1710 878 opera
1734 807 2018 855 continenter

280 882 556 938 machinari.
581 875 760 952 Qare
773 900 879 932 cum
887 877 1137 954 sublimiori
1149 882 1328 932 uirtute
1338 877 1529 932 ualeant
1542 919 1556 939 ,
1570 877 1870 954 intelligibiles
1893 900 2020 932 ueri-

282 978 427 1019 tates,
444 959 506 1016 &³
532 973 731 1011 naturas
752 950 910 1010 rerum
931 959 1143 1016 abditas,
1157 971 1301 1030 atque
1321 951 1515 1009 latentes
1539 954 1700 1031 causas
1718 956 2020 1032 perscrutan-

281 1056 377 1093 tur:
389 1044 437 1091 in
449 1035 545 1112 15qu,
556 1033 634 1108 alij
633 1034 919 1110 sermonum,
935 1034 1013 1106 aliq
1025 1055 1209 1086 morum
1222 1075 1235 1094 ,
1249 1032 1327 1107 aliq'
1340 1053 1498 1086 rerum
1510 1037 1740 1087 ueritates
1758 1039 2020 1108 inquirunt:

277 1116 408 1170 vnde
417 1112 770 1168 innumerabiles
776 1112 888 1185 pene
887 1113 1171 1191 fhpientium
1181 1110 1330 1187 schola
1352 1127 1514 1188 aperta
1524 1112 1666 1187 fiant,
1682 1127 1828 1186 atque
1849 1111 2020 1186 hareses

280 1197 504 1252 excitata,
519 1213 576 1244 ac
588 1189 937 1264 disceptationes
950 1207 1071 1249 orta,
1085 1204 1140 1242 ut
1162 1210 1317 1242 eorum
1339 1188 1396 1241 de
1411 1192 1684 1267 principatu
1710 1190 2020 1264 controueifia,

263 1271 575 1348 fiientiarum
587 1261 896 1321 constantiam
909 1309 922 1328 ,
937 1266 1000 1325 Εἴ
1007 1266 1286 1336 firmitatem
1300 1267 1543 1343 suspectam
1550 1266 1786 1337 fi’cerint.
1803 1263 1867 1322 H
1867 1289 1921 1320 ac
1934 1289 2024 1321 au-

279 1366 377 1403 tem
388 1366 476 1400 non
488 1346 604 1407 dic0,
617 1361 671 1398 ut
683 1346 737 1398 de
748 1352 930 1399 artium
942 1387 956 1407 ,
973 1344 1347 1420 &fti'enti'arum
1360 1385 1373 1405 ‚
1396 1345 1461 1401 &⁷
1481 1344 1688 1398 aliarum
1713 1349 2024 1420 cognitionum

277 1424 586 1499 amplitudine
599 1464 612 1484 ,
625 1444 682 1476 ac
695 1423 923 1499 dignitate
929 1422 1221 1499 fi’ntentiam
1245 1443 1401 1476 meam
1422 1423 1679 1496 proferam,
1688 1422 1773 1498 fi’d
1792 1439 1847 1477 ut
1868 1439 2023 1476 tecum

271 1502 624 1577 prostantiss'ime
636 1505 726 1563 uir,
742 1507 824 1576 qui
845 1502 913 1554 ad
921 1522 1071 1555 omnes
1083 1517 1213 1554 artes
1225 1541 1239 1561 ,
1255 1500 1543 1577 &scientias
1555 1516 1697 1554 natus
1709 1522 1771 1561 es,
1788 1505 1886 1554 Dei
1896 1499 2028 1554 beni-a

269 1586 505 1656 gnitatem
515 1580 648 1633 admi
649 1600 737 1646 rer,
742 1577 1164 1656 pradicemſsolam:
1169 1583 1298 1632 cuius
1310 1599 1504 1652 munere
1506 1580 1693 1651 factum
1703 1579 1835 1653 estut
1846 1581 1896 1631 in
1906 1599 2029 1632 una-

282 1679 464 1735 quaque
475 1661 728 1731 cognitione
739 1680 769 1711 a
781 1657 941 1710 diuina
961 1655 1075 1709 lucis
1088 1657 1223 1728 fonte
1235 1656 1378 1710 riuuli
1389 1657 1583 1733 quidam
1606 1656 1898 1728 deduc't'ifint
1909 1697 1923 1717 ,
1941 1673 2027 1733 per

280 1758 392 1811 quos
403 1736 470 1789 ad
475 1733 621 1811 ipsum
633 1756 858 1788 recurrere
865 1735 1074 1813 possimus
1098 1776 1108 1786 .
1153 1738 1259 1788 QAc
1288 1751 1343 1786 ut
1365 1737 1423 1785 de
1446 1739 1500 1805 ijs
1522 1749 1735 1794 taceam,
1750 1754 1840 1808 qua
1861 1733 2030 1786 diuina

278 1815 553 1890 aspiratione
560 1816 643 1885 pijs
655 1811 907 1865 hominibus
919 1815 1173 1871 innotuere,
1187 1833 1243 1863 ac
1250 1811 1394 1885 fficris
1406 1809 1554 1863 literis
1567 1812 1904 1864 commendata
1902 1810 2031 1886 fiant.

283 1902 309 1961 (
322 1912 378 1944 ea
390 1894 515 1944 enim
521 1890 699 1956 fontem
711 1888 871 1966 ipsum,
885 1910 943 1940 ac
956 1905 1096 1963 caput
1101 1893 1365 1962 perennium
1376 1908 1629 1963 aquarum,
1644 1901 1699 1940 et
1709 1887 2030 1963 inexhaustam

282 1967 397 2022 lucis
410 1972 632 2043 originem
645 1966 877 2042 oflendunt
889 1969 912 2030 )
927 1969 1113 2018 ueniam
1124 1966 1192 2018 ad
1199 1986 1304 2018 eam
1314 1983 1517 2043 partem,
1533 1986 1622 2039 qua
1646 1987 1677 2018 a
1701 1963 1893 2039 reliquis
1913 1966 2029 2018 duo-

282 2045 366 2100 bus
380 2050 686 2120 cognitionum
699 2042 949 2097 luminibus
950 2042 1164 2118 stiunc‘t'a
1177 2084 1190 2104 ,
1205 2046 1540 2115 artefacftorum
1551 2046 1692 2103 uires,
1708 2042 2027 2112 &facultates

284 2123 556 2197 considerat:
571 2142 683 2175 nam
694 2122 750 2175 de
763 2142 820 2174 ea
832 2119 946 2173 mihi
955 2121 1229 2194 propositum
1244 2122 1299 2195 est
1310 2122 1455 2174 dicere
1466 2161 1480 2181 ,
1494 2141 1602 2174 cum
1614 2118 1916 2195 amplitudini
1945 2136 2029 2174 tua
2045 2187 2048 2189 Β

285 2221 475 2275 magnos
496 2197 664 2253 labores
686 2219 807 2253 meos
829 2202 878 2251 in
903 2200 1085 2251 artium
1100 2202 1356 2275 principem
1379 2196 1791 2254 &architecturam
1825 2197 1934 2251 olim
1957 2202 2031 2251 in.-

271 2277 486 2353 fiimptos
496 2277 710 2330 dedicare
721 2278 1004 2343 decreuerim
1015 2315 1029 2335 ,
1045 2276 1170 2351 quod
1177 2292 1231 2329 tu
1253 2279 1323 2329 ad
1321 2279 1502 2351 generis
1497 2274 1870 2352 splendorem&
1876 2276 1948 2328 ad
1954 2296 2032 2328 re·-

284 2355 416 2431 liqua
428 2358 528 2409 uita
547 2370 842 2414 ornamenta,
860 2352 924 2409 Εἴ
932 2351 1261 2427 sublimiorum
1269 2354 1536 2429 studiorum
1562 2353 1755 2428 insignia
1767 2394 1782 2413 ,
1795 2350 2031 2430 praclaras

287 2438 436 2487 etiam
447 2448 580 2493 artes,
597 2448 763 2493 mente,
777 2452 836 2484 ac
848 2430 1062 2484 manibus
1074 2431 1276 2503 uersans,
1291 2430 1355 2487 Εἴ
1367 2435 1570 2485 ϊνιιίίαης
1582 2471 1596 2492 ,
1613 2434 1693 2504 otij
1707 2430 1778 2504 (st
1795 2430 1921 2505 quod
1940 2452 2031 2484 un-

286 2531 434 2585 quam
445 2513 644 2585 nancisci
657 2510 762 2563 licet
774 2511 797 2574 )
811 2507 1100 2580 honestatem,
1111 2508 1176 2565 Εἴ
1187 2509 1466 2583 dignitatem
1476 2507 1652 2582 addere
1653 2509 1776 2583 fiiles.
1795 2513 1916 2561 Cum
1939 2512 2030 2583 igi-

287 2605 434 2642 turex
452 2610 506 2641 ea
518 2592 688 2641 mentis
708 2587 1015 2657 illustratione,
1033 2607 1127 2660 qua
1138 2585 1446 2660 artificiorum
1467 2584 1652 2639 habitus
1650 2585 1832 2657 format
1853 2590 1903 2638 in
1924 2589 2032 2639 ani-

289 2671 379 2719 mis
400 2668 579 2741 nostris,
594 2670 692 2718 tria
723 2665 885 2717 uidere
907 2661 1044 2717 liceat
1057 2705 1070 2724 ,
1083 2667 1202 2716 artis
1220 2665 1388 2736 [cilicet
1412 2662 1655 2738 egressum,
1672 2661 1736 2720 Εἴ
1758 2679 1866 2737 opus
1879 2663 2032 2741 perse-

289 2748 435 2803 ciam,
452 2741 516 2801 Εἴ
519 2745 731 2815 frustum
739 2756 1019 2817 perceptum,
1026 2739 1252 2794 mirabilis
1263 2743 1468 2816 quadam
1481 2742 1754 2794 abditarum
1768 2762 1927 2795 rerum
1929 2742 2032 2817 spe-

289 2818 460 2873 culatio
473 2824 732 2874 excitatur.
773 2813 932 2891 Qod
939 2818 1156 2871 excellens
1166 2821 1331 2894 ingeniff
1350 2824 1423 2872 tui
1433 2822 1505 2871 uis
1518 2822 1618 2872 iam
1635 2824 1790 2892 potuit
1811 2818 2033 2872 animad-

288 2913 470 2957 uertere
482 2940 490 2949 .
502 2892 655 2968 Qid
661 2900 785 2950 enim
797 2897 932 2951 aliud
950 2895 1156 2970 egreffium
1166 2900 1286 2949 artis
1300 2896 1380 2971 effe
1390 2896 1608 2955 dixerim,
1622 2895 1768 2970 quam
1775 2897 1963 2973 speciem
1976 2893 2034 2948 il·-

290 2975 386 3028 lam
397 3015 412 3036 ,
425 2994 518 3050 qua
528 2978 577 3029 in
588 2989 743 3031 mente
754 2972 943 3048 artificis
957 2993 1016 3029 ex
1040 2970 1294 3028 multorum
1311 2989 1632 3049 praceptorum
1648 2979 1961 3050 perceptione,
1975 2994 2033 3026 ac

1930 3060 2033 3084 rerum
