2241 3318
275 90 337 129 33²
955 75 1269 118 lazzi(

390 153 476 206 De
488 144 708 202 machina
720 143 903 221 quidstt
914 184 928 206 ‚
944 141 1009 207 Εἴ
1020 147 1115 198 eius
1127 139 1186 195 ab
1201 161 1368 223 organo
1381 143 1912 226 diffirentia,origine,&
1947 161 1951 164 ⁴
1996 150 1999 154 ’
2013 162 2018 165 ”

583 224 842 296 neccsst‘tate
855 265 866 278 .
1479 228 1593 304 Cap.
1673 227 1708 281 I.
2014 224 2019 271 ἦ

414 353 454 367 ³⁹
481 341 608 377 Achiua
620 338 665 374 est
673 339 845 374 continens
855 351 892 373 cx
902 339 1032 373 materia
1043 338 1411 377 coniunstiomaximas
1419 340 1459 374 ad
1477 352 1614 375 onerum
1626 352 1736 377 motus
1745 342 1865 379 habens
1875 343 2022 380 uirtutes.

444 394 454 403 ’
549 390 663 436 Diffinit
672 388 729 423 hoc
737 391 834 436 capite
844 395 875 424 V
875 390 1012 426 itruuius‚
1020 394 1060 428 ύ-
1069 388 1204 423 declarat
1213 390 1284 435 quid
1293 388 1432 423 machina
1433 389 1548 438 sinque
1557 392 1644 425 modo
1653 400 1953 440 moueatur,quot‚&
1961 405 2023 442 quae

441 474 448 477 Δ
501 439 706 474 machmarum
709 449 821 483 genera
829 439 1092 485 inueniantur:quae
1094 436 1136 481 fit
1144 437 1286 471 machine
1295 436 1335 471 ab
1345 449 1456 483 organo
1464 440 1762 486 diffisrentia,&unde
1771 441 1952 477 machinatio
1962 445 2024 477 ori-

330 508 343 511 -
498 490 598 534 ginein
610 489 696 522 duxit
709 511 716 521 .
744 488 832 532 Qod
838 489 928 532 igitur
933 487 1045 532 spettat
1054 487 1094 519 ad
1103 486 1243 520 machina
1250 485 1466 531 diffinitionem.-
1477 490 1561 524 Vitr.
1571 490 1616 522 ait
1622 489 1796 525 machinam
1807 490 1861 535 effe
1869 495 2023 525 continen-

275 540 392 574 tem&
402 545 576 584 perpetuam
586 536 818 570 coniunc‘lionem
829 547 868 569 ex
877 537 1004 568 materia
1016 557 1026 572 ,
1036 533 1103 576 idest
1112 534 1257 580 lignomel
1265 536 1349 578 ferro
1359 557 1369 572 ,
1379 547 1443 582 qux
1456 539 1606 572 maximas
1628 537 1721 573 habet
1738 541 1779 574 ad
1787 551 1909 574 onerum
1925 548 2024 579 motus

275 585 415 618 uirtutes.
430 587 518 623 ides‘t,
528 587 676 619 maximas
685 586 767 618 uires
777 582 869 618 habet
875 585 914 617 ad
923 595 1012 617 onera
1022 585 1278 616 mouendamtitur
1286 592 1386 617 autem
1394 593 1492 619 motus
1499 588 1614 620 nomine
1622 590 1818 622 communiori
1824 590 1952 626 notione,
1961 600 2021 636 qua

272 639 360 665 tenus
370 635 451 668 trabl
455 646 561 672 ionem,
575 632 786 680 impulsionem,
792 631 1027 675 subleuationem
1037 653 1046 668 ‚
1057 637 1098 670 (φ
1105 631 1168 664 alia
1172 643 1285 676 genera
1294 632 1510 679 cornpletlitur.
1521 637 1612 677 Ratio
1623 646 1724 671 autem
1733 637 1940 671 machinarum
1949 647 2022 671 con-

267 677 473 722 struendarum
501 682 675 717 mechanica
696 682 815 718 dicitur,
827 680 876 713 uel
892 679 1068 714 machinalis
1071 679 1208 722 scientia.
1223 678 1274 714 ubi
1282 692 1340 714 non
1350 691 1413 715 tam
1422 686 1550 718 materiae
1568 688 1646 720 ratio
1657 708 1667 724 ,
1678 685 1767 732 qudm
1775 696 1891 724 manus,
1900 693 1966 731 atq;
1974 688 2022 718 in-

271 731 353 775 genij
363 731 494 771 ducitur,
504 743 572 765 nam
590 732 640 777 qui
648 729 816 764 machinam
826 727 1042 770 construamus
1051 727 1099 769 eli,
1109 737 1207 762 mente
1213 730 1262 762 diu
1273 729 1380 772 uerfizt,
1390 732 1621 770 &machinatur
1632 735 1712 780 quid,
1723 734 1916 781 &quomodo
1927 743 2021 778 agen-

271 778 343 811 dum
359 778 403 824 fit
429 790 463 815 ut
474 791 562 814 onera
564 777 712 823 fitbleuet,
723 777 785 812 alte
796 776 978 820 conscendat,
989 776 1175 811 uehementer
1183 779 1303 823 quatiat
1311 800 1321 816 ,
1333 777 1420 825 longe
1429 781 1584 824 iaculetur,
1587 781 1683 826 fficile
1691 782 1796 825 ualet,
1807 788 1848 822 &⁴
1855 782 1971 815 demum
1984 793 2021 815 ea

268 823 381 869 finiat,
402 840 464 876 qua·
473 831 511 863 ad
520 828 664 861 humanos
673 828 741 870 usus
752 833 763 865 (
774 825 905 872 alioquin
915 835 1096 872 repugnante
1111 834 1220 860 natura
1230 826 1248 869 )
1257 829 1410 873 pertinere
1427 829 1542 877 poffitnt
1554 856 1563 865 .
1590 837 1668 866 Cura
1678 833 1786 877 igitur,
1799 837 1840 870 ξφ·
1851 829 2018 873 sollicitudo

271 885 335 923 quae
345 887 430 923 urget
447 890 499 911 nos
507 900 517 914 ,
527 886 560 910 ut
570 885 710 910 naturam
729 876 769 909 ad
777 874 842 917 ufits
862 875 979 909 nostros
988 876 1167 909 deducamus
1175 896 1186 911 ,
1196 874 1364 911 machinari
1371 889 1424 911 nos
1438 878 1515 922 facit
1525 902 1534 917 ‚
1545 879 1601 914 hoc
1618 879 1656 921 esi
1672 880 1857 926 imaginando
1875 880 2018 915 inuenire,

275 926 351 960 unde
361 927 533 972 imaginatio
543 924 639 959 lumen
647 937 666 958 a
675 933 772 958 mente
782 925 900 970 capiens
909 923 1128 957 mathematicis
1145 923 1313 960 rationibus
1321 929 1512 965 exercita,res
1519 930 1690 966 inueniendo
1699 926 2013 977 quodamficcceffiom's

269 977 370 1009 ordine
380 977 537 1009 materiam
550 973 642 1018 simul
657 972 788 1008 adnetlit
799 997 808 1011 ,
820 975 840 1017 (
849 971 979 1018 alioquin
987 971 1059 1006 nihil
1070 973 1195 1020 efficeret
1204 996 1215 1011 ,
1224 977 1363 1021 quoniam
1377 988 1424 1009 res
1433 977 1581 1023 desparata
1589 979 1628 1011 ad
1637 987 1726 1011 unum
1730 976 1821 1019 finem
1832 977 1951 1010 tendere
1966 986 2021 1010 ne-

269 1032 382 1071 queunt
393 1048 402 1057 .
416 1024 434 1066 )
446 1032 479 1057 ut
488 1033 588 1058 motus
603 1034 652 1056 eos
662 1021 780 1068 efficiat,
791 1023 841 1068 qui
849 1022 1046 1056 admiratione
1055 1025 1188 1058 maxima
1205 1036 1225 1056 a
1243 1023 1333 1069 uulgo
1347 1023 1540 1071 suspiciuntur
1553 1051 1563 1061 .
1577 1027 1646 1060 Ideo
1655 1028 1751 1073 inquit
1759 1027 1843 1060 Vitr-

321 1073 375 1107 ΕΑ
402 1084 555 1107 mouetur
567 1083 602 1105 ex
614 1082 680 1104 arte
699 1071 895 1104 circulorum
916 1071 1200 1106 rotundationibus
1210 1096 1218 1110 ,
1234 1084 1328 1119 quam
1350 1073 1454 1108 Graeci
1474 1073 1605 1104 κυιλικὶιιὶ
1621 1074 1722 1105 κίνησιν
1731 1074 1902 1122 appellant.

322 1119 397 1163 Idefi
408 1122 588 1169 principium
596 1133 633 1154 ac
640 1120 738 1162 forma
748 1121 876 1153 omnium
886 1120 1138 1155 machinationum
1149 1122 1193 1155 eft
1202 1130 1302 1154 motus
1312 1121 1476 1156 circularis.
1487 1123 1680 1167 Qaerendum
1689 1134 1760 1157 uero
1772 1121 1810 1164 eft
1819 1123 1964 1170 quomodo
1967 1122 2017 1166 ser

270 1179 360 1206 uetur
372 1170 439 1208 hoc,
452 1173 526 1204 utin
537 1171 615 1203 omni
624 1168 841 1203 machinatione
844 1168 886 1213 fit
895 1178 994 1203 motus
1003 1169 1158 1204 circularis
1167 1194 1176 1203 .
1202 1174 1291 1213 ‘Nam
1300 1176 1331 1205 V
1331 1171 1529 1215 itm-inferius
1552 1172 1624 1205 dicit
1633 1196 1641 1205 .
1653 1171 1836 1214 scansorium
1845 1182 1942 1216 genus
1958 1183 2018 1205 non

272 1229 351 1256 arte,
357 1218 409 1262 [ἑά
417 1220 544 1254 audacia
552 1217 734 1264 gloriam&
745 1219 774 1251 in
785 1219 820 1263 ijs
831 1218 986 1255 machinis,
997 1230 1059 1266 qua
1062 1217 1212 1264 spiritales
1220 1220 1357 1252 dicuntur
1366 1220 1461 1254 nullus
1479 1218 1516 1261 est
1534 1219 1688 1254 circularis
1705 1228 1822 1257 motus,
1834 1219 1886 1262 mfi
1895 1221 1924 1252 in
1930 1228 2019 1266 pau-

275 1268 403 1313 ciffimis.
415 1274 568 1302 'praterea
576 1266 717 1301 machina
725 1266 857 1312 diffinitio
868 1279 924 1301 non
934 1269 1050 1301 uidetur
1059 1269 1216 1301 conuenire
1223 1266 1358 1301 omnibus
1365 1268 1571 1303 machinarum
1586 1266 1755 1314 generibus,
1769 1280 1826 1302 non
1835 1270 1910 1302 enim
1922 1269 2016 1301 omnis

271 1316 454 1351 machinatio
465 1317 572 1351 adhoc
581 1325 720 1363 paratur,
733 1325 767 1349 ut
780 1327 871 1350 onera
888 1325 1018 1353 moueat,
1029 1327 1082 1350 nec
1091 1317 1183 1349 omnis
1191 1315 1374 1350 machinatio
1384 1316 1463 1363 ligno
1479 1317 1642 1361 confiatffi
1652 1316 1776 1352 uelimus
1792 1317 1942 1363 affirmare
1949 1319 2020 1351 Vi-

270 1367 404 1402 truuium
413 1365 536 1411 diffinire
548 1377 598 1400 eas
606 1364 770 1401 machinas,
783 1376 844 1411 qua
853 1364 994 1398 circulari
1008 1374 1088 1399 motu
1107 1373 1247 1410 reguntur
1256 1387 1266 1402 ,
1277 1367 1422 1412 quomodo
1437 1367 1631 1411 intelligemus
1651 1377 1718 1400 eum
1737 1366 1890 1400 machinas
1908 1367 1939 1398 in
1954 1366 2018 1399 tria

268 1426 382 1461 genera
393 1413 527 1459 diuififfe,
540 1415 613 1448 idefi
623 1413 998 1456 traeloriurmscanfisrium,
1011 1412 1187 1460 &spiritale
1197 1422 1212 1447 ‚2
1221 1418 1297 1460 Ergo
1300 1413 1329 1457 fi
1335 1414 1521 1461 intelligimus
1529 1414 1696 1451 machinam
1706 1414 1762 1460 effe
1769 1416 1938 1449 continuam
1945 1424 2017 1447 ma-

271 1465 352 1498 teriae
362 1463 649 1501 coniunc'tionem,&
659 1464 786 1496 materia
797 1464 984 1499 nomine,non
992 1461 1071 1508 ligna
1077 1461 1240 1506 fhlumsed
1247 1471 1352 1496 catera
1361 1462 1514 1510 exquibus
1523 1462 1662 1497 machine
1669 1462 2016 1505 construuntur,hocfor-

271 1521 302 1547 te
319 1509 416 1546 s‘lahit
428 1536 437 1545 .
464 1513 521 1546 Sed
542 1511 686 1559 quomodo
696 1512 850 1545 conueniet
859 1509 1015 1545 machinas
1025 1523 1122 1545 omnes
1130 1513 1280 1544 maximas
1288 1513 1328 1545 ad
1336 1523 1454 1546 onerum
1462 1522 1561 1546 motus
1569 1510 1680 1546 habere
1705 1513 1831 1546 uirtutes
1840 1510 1884 1553 ‚fi
1891 1510 2016 1544 machi-

269 1573 323 1594 nas
332 1560 396 1593 illas
407 1560 612 1607 appellauerts,
627 1559 809 1606 quxspiritu,
819 1568 911 1607 atque
918 1571 987 1594 aere
997 1559 1122 1607 impulsu
1132 1558 1326 1601 conficiuntur
1336 1560 1352 1594 ,ἓ
1361 1562 1439 1607 quod
1451 1573 1524 1595 onus
1531 1562 1583 1606 qui
1590 1569 1689 1594 motus
1697 1562 1725 1594 in
1733 1560 1790 1594 illis
1796 1558 1834 1601 esi
1844 1559 1861 1593 ,ὅ
1885 1559 2013 1605 Respon-

270 1613 323 1644 deo
334 1610 428 1642 oneris
438 1610 553 1642 nomine
565 1620 622 1642 non
633 1611 721 1642 modo
734 1609 858 1653 intelligi
860 1610 1047 1654 grauitatem
1060 1631 1069 1646 ,
1077 1619 1166 1655 quam
1175 1620 1222 1642 res
1230 1619 1357 1653 magna,
1373 1615 1412 1649 (4]-
1427 1608 1594 1656 ponderosa
1610 1607 1722 1643 habent
1733 1608 1800 1651 ,sed
1809 1613 1850 1648 θ’
1859 1610 2016 1655 impetum,

268 1664 312 1698 (9-
327 1667 504 1692 momentum
517 1658 681 1705 illud,quod
698 1655 790 1691 habet
800 1656 938 1704 qualibet
947 1669 994 1690 res
1003 1671 1022 1691 a
1030 1666 1140 1691 natura
1158 1665 1191 1690 ut
1199 1658 1238 1690 ad
1242 1656 1299 1699 sua
1309 1668 1429 1705 quaque
1437 1658 1504 1692 loca
1508 1659 1640 1701 feratur.
1650 1668 1717 1691 cum
1741 1668 1810 1702 ergo
1825 1665 1894 1690 arte
1906 1655 1946 1698 fit
1956 1678 1967 1693 ‚
1978 1665 2013 1690 ut

269 1718 317 1741 res
321 1718 425 1753 grauis
430 1706 535 1750 saliat,
547 1711 587 1745 (9⁸
597 1714 706 1739 natura
713 1707 862 1753 permittit
871 1715 905 1740 ut
918 1705 1064 1740 elementa
1070 1714 1178 1753 praeter
1194 1705 1362 1740 naturalem
1376 1706 1593 1741 inclinationem
1602 1715 1658 1739 aut
1665 1705 1889 1748 ascendant‚aut
1898 1704 2017 1748 descen-

269 1757 342 1790 dant
355 1769 366 1789 .·
374 1764 455 1789 certe
479 1754 538 1789 haec
555 1756 688 1788 maxima
697 1756 743 1788 uis
753 1753 790 1797 est
797 1756 837 1789 ad
848 1765 968 1789 onerum
977 1756 1129 1791 motiones,
1142 1760 1182 1793 &-
1191 1754 1341 1800 necessitas
1350 1756 1410 1792 illa,
1421 1766 1484 1802 quae
1501 1754 1654 1788 elementis
1660 1756 1832 1801 imponitur,
1835 1752 1952 1796 summa
1952 1752 2013 1796 ,lb-

266 1803 358 1838 lertia
376 1802 415 1838 ab
426 1814 493 1839 arte
507 1802 718 1852 proficiscitur.
751 1809 828 1850 Ergo
841 1805 932 1838 etiam
951 1801 1131 1850 spiritalibus
1138 1802 1282 1837 machinis
1299 1803 1430 1849 diffinitio
1440 1806 1588 1837 conuenit.
1600 1803 1757 1846 scansoria
1767 1814 1886 1850 quoque
1895 1801 2014 1836 machia

268 1864 310 1887 nae
331 1864 366 1886 ea
377 1854 490 1887 uirtute
498 1864 555 1886 non
565 1860 678 1886 carent.
693 1855 810 1898 quando
821 1861 927 1887 contra
939 1861 1119 1886 momentum
1129 1874 1138 1889 ,
1149 1858 1189 1890 ff]-
1199 1854 1351 1899 impetum,
1361 1863 1451 1897 quam
1469 1854 1663 1898 Graeciropim
1671 1860 1780 1886 uocant
1792 1873 1802 1889 ‚
1812 1864 1831 1885 a
1841 1859 1950 1887 natura
1966 1852 2013 1884 in-

261 1901 367 1948 situm,
378 1910 506 1939 terrena,
515 1909 569 1934 aut
578 1900 699 1934 humida
711 1900 768 1936 hoc
778 1901 815 1943 est
827 1903 938 1947 grauia
948 1911 1075 1948 corpora
1081 1899 1284 1943 filhleuentur,
1294 1907 1335 1940 φ
1346 1899 1470 1944 funibus
1480 1923 1490 1938 ,
1501 1900 1606 1948 rotisq;
1615 1923 1625 1937 ‚
1635 1913 1672 1935 ac
1681 1902 1828 1948 tympanis
1844 1901 1884 1934 ad
1894 1899 2013 1943 summa

267 1951 369 1985 aedium
381 1949 513 1984 culmina
523 1949 709 1992 ascendatur.
739 1950 861 1995 ,Quodfi
873 1950 1027 1995 hocgenus
1036 1951 1162 1983 audacia
1171 1949 1373 1996 potius,qucim
1381 1958 1447 1983 arte
1466 1951 1591 1987 nitatur,
1601 1961 1658 1983 non
1667 1958 1768 1983 tamen
1777 1948 1906 1990 artificio
1915 1956 2012 1984 caret,

267 2010 336 2033 cum
345 2009 402 2032 non
413 2000 499 2032 modo
519 2006 553 2032 ut
562 1996 759 2040 ascendamus,
764 1998 816 2040 sed
824 2008 858 2032 ut
866 1999 932 2033 ιιιιὸ
943 1999 1144 2041 ascendamus,
1157 2003 1197 2037 (ἔγ
1207 1996 1300 2039 hostes
1308 1997 1578 2044 offl’ndamusscalae
1587 1997 1657 2039 fieri
1670 1997 1799 2040 soleant.
1819 1995 1941 2040 ‘Nostris
1950 1997 2012 2029 etia

269 2049 427 2093 igniuomis
435 2046 592 2083 machinis,
601 2058 675 2093 quas
688 2044 869 2082 bombardas
887 2055 1008 2083 uocant,
1020 2046 1151 2092 diffinitio
1159 2046 1300 2080 machina⁷
1309 2048 1499 2092 congrum&
1508 2058 1558 2080 eas
1567 2058 1619 2080 nos
1631 2045 1671 2080 ab
1681 2045 1948 2090 arteartgliarias
1957 2055 2012 2078 uo·

265 2107 378 2133 camus,
388 2094 466 2138 fiunt
475 2098 550 2130 enim
560 2106 599 2128 ex
606 2103 753 2142 perpetua
764 2098 892 2130 materia
902 2095 1113 2132 conmunione,
1124 2093 1270 2142 habentq-
1279 2097 1318 2129 ad
1326 2106 1415 2128 onera
1430 2096 1558 2129 uirtutes
1565 2096 1715 2129 maximas
1723 2096 1812 2128 iuxta
1822 2095 1951 2127 ordinem
1960 2094 2011 2126 um·

268 2156 320 2178 uer
332 2157 354 2183 t,
367 2150 408 2184 a&
417 2146 533 2178 omnino
547 2149 588 2183 (φ
597 2142 769 2182 circulares,
781 2150 822 2184 φ
828 2145 982 2192 ροννεὲἶος
991 2153 1088 2178 motus
1097 2142 1220 2181 habent,
1229 2153 1263 2177 ut
1273 2142 1525 2187 confiderantibus
1532 2142 1569 2185 eft
1577 2141 1768 2186 manifit’slum.
1796 2148 1924 2177 Demum
1930 2142 2011 2177 nulla

269 2191 308 2234 esi
318 2192 467 2231 machina,
479 2204 540 2239 qua
549 2203 606 2225 non
615 2192 740 2230 diretta,
751 2199 792 2232 &
802 2194 931 2228 rotunda
939 2195 1068 2227 motione
1074 2192 1249 2239 perficiatur
1258 2194 1337 2240 quod
1345 2191 1433 2237 longa
1441 2192 1636 2239 indutiionea
1652 2189 1928 2239 Vitr.probabitur.
1955 2196 2010 2226 In-

267 2243 356 2276 terim
365 2240 571 2275 machinarum
576 2251 688 2285 genera
705 2241 904 2289 explicentur.
1267 2243 1270 2246 ’

316 2291 390 2324 Esr
417 2300 525 2324 autem
536 2300 634 2322 unum
647 2300 747 2335 genus
758 2288 965 2331 scansorium,
976 2291 1064 2339 quod
1079 2290 1195 2325 Graece
1205 2290 1414 2326 acrouaticon
1434 2290 1553 2325 dicitur
1564 2303 1571 2323 :
1584 2290 1732 2325 Alterum
1748 2288 1883 2336 spiritale
1894 2312 1904 2328 ,
1916 2287 2009 2336 quod

267 2339 351 2386 apud
360 2350 418 2373 eos
429 2336 656 2384 pneumaticon
670 2339 855 2384 appellatur.
866 2341 1018 2375 Tertium
1035 2340 1237 2379 tractorium,
1246 2340 1277 2373 id
1288 2350 1396 2373 autem
1407 2340 1514 2374 Graeci
1526 2337 1686 2373 uanauson
1698 2349 1827 2373 uocant.
1837 2338 2010 2373 Scanlorisz.

266 2399 373 2422 autem
385 2387 441 2426 est,
451 2399 524 2421 cum
535 2385 687 2419 machinae
697 2386 740 2419 ita
761 2385 879 2422 fuerint
890 2390 1108 2427 collocatae,ut
1118 2391 1157 2422 ad
1171 2387 1372 2422 altitudinem
1385 2388 1485 2435 tignis
1499 2387 1621 2422 statutis
1633 2411 1643 2426 ,
1656 2391 1686 2422 δι
1699 2384 1924 2430 transuersarijs
1937 2387 2010 2421 col-

267 2437 372 2483 ligatis
385 2436 447 2470 fine
460 2435 604 2482 periculO
617 2432 782 2468 scandatur
791 2437 829 2471 ad
847 2449 1013 2483 apparatus
1022 2437 1263 2484 spcRationem.
1291 2437 1436 2481 Spiritale
1455 2436 1500 2470 est
1517 2448 1590 2470 curn
1609 2435 1650 2482 spi
1659 2436 1735 2469 ritus
1753 2434 2009 2481 expressionibus

264 2484 432 2531 impulsus,
442 2488 474 2521 &
498 2483 612 2530 plagas,
623 2484 757 2530 uocesc'],·
767 2487 940 2531 organicos
951 2488 1184 2532 exprimuntur.
1197 2485 1409 2520 Traetorium
1420 2484 1496 2518 uero
1509 2496 1583 2518 cum
1602 2496 1699 2518 onera
1715 2485 1872 2520 machinis
1884 2495 2009 2532 pertra-

265 2533 399 2573 huntur,
409 2543 463 2567 aut
478 2532 518 2566 ad
526 2531 731 2566 altitudinem
742 2530 859 2568 sublata
877 2535 1092 2570 collocantur.

314 2582 527 2618 Machinarum
539 2582 601 2614 tria
604 2590 717 2625 genera
725 2579 780 2623 else
787 2583 871 2616 dicit.
896 2582 1092 2625 scamnum,
1099 2581 1240 2629 spiritale,
1252 2583 1426 2617 trat't'orium
1436 2607 1445 2615 .
1459 2589 1580 2618 Graecas
1591 2593 1710 2630 quoque
1719 2593 1821 2616 eorum
1830 2582 2008 2629 appellati&

264 2643 316 2667 nes
322 2633 457 2679 apponit,
467 2636 509 2670 (φ
512 2628 701 2673 scansorium,
710 2633 904 2667 acrouaticon
916 2645 927 2665 .-
933 2630 1067 2677 spiritale
1075 2634 1284 2677 pneumaticon
1295 2647 1306 2666 .-
1330 2632 1516 2666 Τναὲῗονίιιιη
1524 2630 1674 2674 uanaufim
1683 2637 1781 2665 Oraece
1790 2630 1934 2678 appellari
1943 2641 2010 2663 mo-

265 2690 326 2715 net.
338 2685 412 2714 Sunt
422 2681 473 2727 qui
480 2690 535 2712 non
544 2679 747 2712 acrouaticon.
774 2681 831 2714 Sed
839 2681 1031 2714 aerouaticon
1040 2679 1141 2724 legant
1150 2702 1159 2717 ‚
1165 2679 1218 2722 [ἑά
1224 2691 1282 2713 non
1298 2682 1571 2717 animaduerterunt
1586 2681 1657 2726 quid
1663 2685 1694 2714 V
1694 2682 1746 2713 itr.
1758 2679 1843 2717 uelit,
1852 2681 1923 2725 quia
1931 2681 2009 2713 enim

265 2731 295 2764 in
299 2729 437 2776 prooemio
447 2729 578 2762 dixerat.
606 2730 670 2770 ΞΘ·
680 2737 715 2760 ea
725 2730 824 2761 omnia
834 2750 844 2766 ,
855 2739 917 2775 quae
923 2727 1045 2771 scenicis
1053 2727 1185 2762 moribus
1197 2738 1251 2774 per
1259 2729 1507 2763 machinationem
1516 2729 1555 2762 ad
1556 2727 1751 2774 spectationes
1767 2728 1876 2774 populo
1887 2737 2008 2774 compa·

263 2779 390 2818 rantur}
417 2782 459 2816 &⁴
468 2776 516 2810 hic
523 2776 596 2810 dicit
621 2779 635 2818 {
638 2774 820 2818 scansorium
832 2776 888 2821 effi:
898 2787 965 2811 cum
974 2775 1115 2810 machina
1123 2778 1168 2810 ita
1180 2778 1296 2820 fuerint
1317 2778 1467 2812 collocarat
1476 2798 1487 2814 ,
1496 2785 1531 2810 ut
1538 2778 1579 2810 ad
1583 2775 1771 2810 altitudinem
1781 2779 1870 2822 tignis
1872 2774 2009 2818 statutis,

263 2831 306 2865 (9-
315 2825 532 2871 tranfiiersarijs
539 2823 684 2868 colligatis
686 2823 752 2867 fine
758 2824 890 2870 periculo
894 2824 1058 2868 scandatur
1066 2826 1106 2858 ad
1113 2834 1280 2871 apparatus
1288 2826 1516 2872 spectationem}
1540 2832 1653 2870 putant
1664 2830 1694 2858 V
1695 2826 1838 2859 itruuium
1848 2824 2008 2869 intelligere

264 2876 300 2911 de
302 2872 393 2917 scalis
403 2896 412 2912 ‚
423 2872 531 2921 quibus
540 2871 752 2914 ascendebatur
763 2874 804 2907 ad
804 2873 896 2916 scena
910 2881 1074 2920 apparatus
1091 2871 1244 2915 faciendos
1252 2873 1318 2917 ,sed
1325 2884 1384 2908 non
1391 2875 1492 2907 uident
1500 2874 1534 2906 de
1541 2871 1649 2919 quibus
1650 2871 1741 2915 scalis
1756 2874 1902 2919 intelligat
1911 2875 1940 2906 in
1949 2872 2007 2907 hoc

263 2921 354 2958 libra.
379 2927 454 2958 Sunt
464 2923 539 2955 enim
549 2919 656 2954 hellicae
667 2921 809 2955 machina
827 2923 866 2955 ad
867 2922 1065 2965 scandendum
1083 2921 1223 2964 infiruliae
1231 2944 1241 2959 ‚
1253 2933 1269 2955 e
1286 2933 1412 2969 quarum
1423 2921 1596 2964 suietmitate
1611 2929 1756 2967 tanquam
1767 2921 1905 2968 especula
1923 2919 2009 2963 obfi-

264 2973 369 3007 dentes
378 2969 549 3017 explorant,
562 2970 634 3015 quid
641 2971 670 3002 in
678 2968 752 3004 urbe
762 2968 857 3015 obseffi
865 2969 1003 3013 aduersus
1013 2968 1044 3011 J}
1050 2979 1170 3016 parent,
1175 2972 1256 3017 qnod
1258 2982 1354 3016 genus
1361 2981 1434 3004 mox
1442 2970 1522 3003 dicet
1532 2980 1588 3003 non
1597 2978 1675 3006 arte,
1678 2969 1730 3012 fied
1738 2972 1864 3011 audacia
1868 2969 2006 3015 gloriari.

262 3020 299 3057 de
307 3021 344 3066 ijs
352 3017 513 3057 Valturius
521 3019 596 3066 agit.
625 3017 769 3069 spiritale
781 3027 881 3058 autem
889 3017 984 3054 multo
987 3016 1080 3069 plura
1090 3018 1307 3068 compleffitmu
1318 3017 1408 3071 quam
1415 3028 1478 3066 qua:
1487 3023 1518 3053 V
1518 3019 1568 3053 itr.
1581 3027 1746 3059 enumerat.
1773 3017 1947 3102 Solasdenin}
1953 3016 2009 3071 hy-

295 3078 298 3080 ’
1879 3078 1933 3100 rau
1948 3077 2012 3099 Icus

2046 1067 2092 1099 ιο.

2044 1557 2090 1592 39.

2038 2048 2086 2084 40

2039 2537 2084 2576 50

2037 3020 2085 3056 60
