2241 3318
334 110 407 145 ¹74
1035 98 1347 140 LIBER

326 181 420 217 atque
428 169 589 213 ascensione
596 167 730 203 abundat
738 167 939 215 proxima&
947 169 1073 203 minimis
1081 168 1256 207 interuallis,
1268 170 1313 204 ita
1323 167 1433 203 dietum
1447 168 1530 215 quasi
1536 169 1771 216 adaptatum&
1778 169 1941 215 consertum
1951 193 1960 203 .
1970 170 2083 206 Dicito«

329 221 427 254 nicum
439 231 508 252 uero
520 218 705 264 appellatur,
718 219 856 264 quoniam
864 216 1026 264 plurimum
1033 215 1071 260 esi
1078 218 1227 264 inspatijs,
1238 229 1300 264 quae
1309 226 1380 251 tono
1391 218 1514 256 distant,
1523 218 1607 266 quast
1610 228 1668 265 per
1675 227 1762 253 tonos
1765 220 1955 267 progrediens
1964 243 1973 252 .
1983 217 2080 254 Chro-

328 270 472 301 maticum
487 278 556 299 uero
566 269 609 299 ita
618 267 737 304 dicitur,
749 264 833 313 quasi
842 265 1026 305 coloratum,
1035 266 1158 301 chroma
1167 268 1242 301 enim
1253 265 1336 300 color
1345 263 1383 306 esl
1392 290 1401 299 .
1413 272 1454 306 &⁶
1472 269 1609 313 quoniam
1615 278 1710 312 genus
1728 266 1786 302 hoe
1794 266 1904 302 coloris
1917 269 2004 302 modo
2012 277 2078 301 mu-

329 326 414 350 tatur
425 328 444 348 a
450 317 547 361 prima
559 316 732 351 intentione,
743 316 806 348 ideo
814 314 899 348 color
906 317 1091 353 nominatur,
1102 320 1143 354 ύ-
1151 314 1318 360 hemitonijs
1326 312 1461 349 abundat
1472 340 1482 349 .
1506 321 1556 350 Ex
1568 317 1603 360 iss
1612 314 1708 350 tribus
1718 315 1880 361 generibus
1895 325 2005 351 natura
2011 325 2080 349 ma-

323 367 373 410 gis
382 374 457 411 prod
463 365 553 396 unum
562 361 599 404 csi
609 364 789 397 diatonicum
798 361 867 405 ‚sua
877 364 1060 410 enimsponte
1071 365 1178 411 cuique
1186 365 1263 397 inter
1270 366 1432 397 canendum
1440 373 1549 398 natura
1551 363 1684 406 fiiccedit
1693 388 1702 398 .
1720 363 1929 407 „Artificiosum
1937 367 2031 410 magis
2040 361 2077 405 esi

327 413 546 447 chromaticum
558 409 648 458 qudm
656 413 848 450 diatonicum,
860 425 879 446 a
885 414 991 458 peritis
1004 421 1122 446 tantum
1133 421 1292 446 exercetur
1299 433 1309 449 ,
1319 413 1383 445 ideo
1394 414 1558 458 antiquitus
1566 414 1662 447 maior
1668 421 1744 459 pars
1759 411 1938 456 muficorum
1945 414 1975 446 in
1982 424 2015 446 eo
2020 424 2078 459 ge-

327 471 395 493 nere
404 458 578 496 laborabat,
591 462 672 507 quod
679 460 808 494 mulcere
815 463 940 498 animos,
949 466 990 499 &¹
1000 463 1030 494 in
1046 461 1167 507 effecffius
1176 463 1276 494 uarios
1283 462 1439 494 traducere
1457 460 1651 501 instituebant
1661 485 1669 494 .
1694 460 1850 506 Efficacius
1867 472 1938 495 uero
1947 459 1985 502 esi
1992 467 2078 496 Har-

326 510 485 547 moniam,
496 514 537 548 ό*
548 507 731 555 praestantius
741 515 782 548 (y-
791 510 982 544 excellentius
989 511 1018 542 in
1025 509 1289 555 muficafingulare
1297 518 1370 556 opus
1378 531 1389 547 ,
1398 510 1461 543 ideo
1470 522 1490 543 a
1500 511 1643 544 nonnullis
1650 509 1700 543 uel
1706 508 1870 555 negletlum
1877 531 1889 548 ,
1898 508 1947 543 uel
1955 520 2013 543 non
2023 510 2081 544 ad·-

318 557 428 602 fcitum
437 559 513 592 inter
525 557 669 591 melorum
674 569 798 603 genera,
811 567 954 604 tanquam
963 559 1002 594 id,
1013 559 1090 602 quod
1099 557 1263 604 difficillime
1273 559 1304 591 in
1313 558 1395 601 ufiim
1403 560 1503 593 ueniat
1514 582 1523 593 .
1535 564 1685 596 Seuerum,
1691 557 1824 600 firmum,
1833 564 1874 597 (φ
1882 558 2023 593 conflans
2031 558 2078 593 est

324 608 523 644 diatonicum,
536 617 632 640 mores
641 628 650 642 ,
662 612 702 645 Θ
711 606 832 640 habitus
853 607 954 640 uiriles
965 608 1121 641 ostendens
1130 630 1139 640 .
1165 607 1271 644 Molle,
1284 605 1490 652 &querulum
1507 607 1742 642 chromaticum.
1751 607 1940 641 authoritate
1955 605 2078 654 plenum

324 654 528 688 harmonicum
540 680 548 688 .
563 666 632 689 cum
641 656 732 699 igitur
740 655 972 689 modulationem
983 656 1131 702 quandam
1141 666 1221 689 mens
1223 655 1267 699 fit
1277 656 1412 689 ordinare
1421 677 1432 692 ,
1443 655 1532 702 qudm
1544 658 1673 703 primum
1685 658 1725 690 ad
1738 667 1851 702 genus,
1870 656 2079 701 respiciendum

323 702 372 745 esi,
380 703 539 746 secundum
551 705 630 752 quod
638 704 783 738 modulari
791 705 976 737 intendimus.
988 706 1033 737 ita
1043 705 1118 737 enim
1131 715 1229 741 uoces,
1240 712 1295 738 aut
1304 715 1418 749 organa
1426 703 1655 742 moderabimur,
1666 702 1925 749 namflexibilibus
1933 725 1943 741 ‚
1953 709 1995 742 &
2003 715 2077 750 que-

324 751 398 786 rulis
406 752 541 787 moribus
552 752 766 786 chromaticum
774 750 910 785 dabimus
923 767 934 792 ;
945 753 1071 798 magnis,
1088 757 1129 792 &⁴
1137 751 1263 787 heroicis
1271 754 1451 786 diatonicum
1461 777 1470 786 .
1479 753 1548 799 alijs
1555 752 1615 787 alio
1627 762 1746 787 utemur
1753 751 1945 798 uelfimplici,
1954 751 2002 785 uel
2005 761 2078 798 per-

322 801 419 834 mino
430 812 541 845 genere
553 827 561 835 .
568 800 781 847 permifterztur
791 802 867 834 enim
871 811 984 845 genera
994 823 1004 838 ‚
1017 806 1059 840 (r
1068 802 1296 848 unumquodque
1304 800 1406 834 multis
1413 803 1505 835 modis
1511 803 1620 848 partiri
1629 822 1638 838 ‚
1648 814 1685 836 ac
1693 803 1823 836 ordinari
1828 798 1923 849 potest
1931 813 1950 834 u
1955 801 2010 834 nde
2012 799 2079 844 sin-

316 848 441 894 gulares
450 849 585 896 cuiufique
589 851 706 894 generis
711 850 891 895 partitiones
898 871 908 887 ‚
918 848 1058 896 quosdam
1066 848 1150 897 quafi
1168 850 1299 896 aspeblus
1307 860 1405 884 rerum
1421 851 1593 896 praeferunt,
1611 851 1712 884 molles
1721 872 1730 888 ,
1739 858 1920 897 temperatos
1927 871 1937 886 ,
1942 860 2054 894 graues
2063 871 2081 887 ,-

321 896 493 933 mutabiles,
505 896 679 938 conflantes,
688 899 810 934 medios,
820 906 966 944 quatenus
969 898 1035 941 fert
1041 909 1139 933 rerum
1149 907 1258 933 natura
1269 922 1278 932 .
1305 905 1405 934 Vnum
1413 900 1548 945 quodque
1556 900 1647 944 igitur
1649 910 1746 944 genus
1759 898 1862 946 plures
1869 899 1954 932 ideas
1964 896 2075 931 babere

319 944 410 989 sulm
421 944 529 991 quibus
538 946 671 988 diuersas
679 958 779 980 rerum
781 945 883 989 fizcies
890 947 1039 985 ostendat,
1048 949 1078 981 in
1085 959 1144 994 qua
1157 959 1189 981 re
1196 946 1418 994 pulcherrimus
1425 947 1546 995 quisque
1569 948 1725 981 barmoniae
1740 948 1866 994 effeCius
1882 948 2003 994 ponitur
2013 969 2023 983 ‚
2034 951 2077 986 &-

321 994 499 1028 collocatur.
512 996 592 1041 quod
603 1003 637 1028 ut
649 994 880 1039 consideratione
890 997 1010 1041 dignum
1017 997 1072 1033 eft,
1082 998 1125 1029 ita
1133 994 1235 1037 noslris
1244 994 1347 1030 diebus
1353 1009 1373 1031 a
1377 998 1483 1042 paucis
1502 995 1704 1040 consideratur
1712 1018 1724 1033 ‚
1736 1002 1777 1035 &⁸
1785 995 1873 1030 multi
1886 1003 1997 1042 putant
2008 993 2077 1037 fi>lo

320 1043 471 1076 diatonico
476 1053 587 1088 genere
596 1045 726 1078 omnium
735 1055 835 1077 rerum
844 1052 977 1078 naturas
990 1045 1118 1092 exprimi
1122 1043 1202 1091 poffi‘
1211 1069 1219 1078 .
1231 1043 1387 1086 obstinati,
1398 1050 1439 1084 &¹
1446 1046 1512 1079 duri
1519 1046 1665 1079 rationem
1668 1045 1789 1090 fugiunt
1806 1067 1816 1082 ‚
1834 1054 1887 1078 aut
1897 1046 1967 1091 quia
1977 1065 1987 1080 ‚
1998 1044 2077 1090 quod

320 1091 459 1128 didicere,
470 1100 612 1125 amittere
619 1101 739 1138 putant,
749 1101 803 1126 aut
813 1094 883 1139 quia
886 1091 957 1135 fieri
963 1104 1021 1126 non
1026 1092 1107 1140 poffe
1116 1094 1251 1131 credunt,
1261 1103 1293 1127 ut
1301 1102 1345 1127 tot
1357 1092 1462 1139 regula
1486 1093 1678 1136 obseruentur
1685 1114 1696 1130 ,
1708 1102 1762 1127 aut
1770 1095 1841 1140 quia
1851 1105 1883 1126 re
1899 1104 1972 1126 uera
1992 1094 2075 1137 igno-

319 1147 423 1173 rantes
434 1151 502 1173 cum
505 1139 580 1184 sint,
596 1149 790 1175 contemnunt
803 1153 849 1178 ea,
861 1153 923 1189 quae
932 1141 1062 1184 nesciunt
1073 1167 1082 1176 .
1109 1147 1139 1177 V
1141 1142 1223 1176 ellem
1235 1151 1270 1176 ut
1281 1141 1332 1176 bic
1341 1142 1430 1176 locus·
1449 1144 1615 1189 requireret
1626 1141 1758 1176 colorum
1766 1164 1777 1179 ‚
1791 1147 1832 1180 Θ·
1845 1141 2015 1185 formarum
2022 1153 2076 1175 cu-

318 1187 424 1233 iufiyue
426 1199 547 1234 generis
560 1189 770 1224 tral't'ationem
779 1211 791 1228 ,
799 1201 869 1223 nam
880 1199 965 1224 certa
975 1191 1159 1237 experientia
1170 1190 1283 1237 efficere
1286 1192 1433 1237 sperarem
1444 1213 1454 1228 ‚
1463 1200 1498 1224 ut
1513 1202 1601 1225 aures
1607 1192 1746 1225 iudicium
1763 1191 1869 1224 darent
1879 1199 1981 1223 eorum
1990 1210 2001 1226 ,
2013 1199 2077 1236 quae

319 1235 433 1274 multis,
446 1242 488 1276 (9-
498 1239 588 1272 certis
596 1240 777 1283 argumentis
784 1240 829 1273 ita
839 1238 894 1283 effe
902 1239 1140 1278 ostenderem&
1147 1239 1434 1287 comprobarem‚sed
1441 1251 1493 1273 nos
1499 1239 1561 1274 alia
1570 1248 1691 1277 uocant,
1701 1240 1786 1273 modo
1808 1243 1840 1275 V
1839 1239 1982 1273 itruuium
1990 1259 2002 1275 ‚
2011 1247 2081 1283 qua,

318 1285 450 1319 diximus
462 1284 694 1333 approbantem,
704 1289 874 1321 audiamus.

368 1335 409 1366 ΙΝ
433 1333 482 1367 his
494 1334 597 1368 tribus
606 1335 778 1381 generibus
789 1334 956 1370 dissimiles
964 1333 1036 1370 sunt
1046 1336 1326 1372 tetrachordorum
1337 1336 1664 1385 dispofitiones,quod
1674 1336 1840 1371 harmonia
1850 1333 2077 1369 tetrachordo·

318 1392 391 1415 xum
402 1385 434 1415 &
448 1393 557 1420 tonos,
567 1387 599 1418 &
610 1383 707 1418 dieses
720 1383 815 1419 habet
834 1384 935 1419 binas.
964 1385 1071 1419 Diefis
1080 1397 1188 1420 autem
1198 1384 1243 1420 est
1263 1387 1333 1422 toni
1354 1399 1424 1432 pars
1434 1398 1544 1434 quarta
1554 1408 1563 1423 2
1578 1388 1620 1420 ita
1639 1387 1672 1421 in
1693 1385 1877 1422 hemitonio
1891 1383 1960 1418 duae
1979 1381 2077 1417 dieses

319 1427 394 1463 sunt
414 1431 581 1467 collocatae
594 1457 604 1466 .
630 1432 804 1467 chromati
815 1433 882 1467 duo
895 1432 1073 1468 hemitonia
1086 1435 1119 1468 in
1130 1435 1244 1469 ordine
1253 1433 1326 1470 sunt
1344 1435 1526 1482 compofita
1536 1458 1546 1474 ‚
1556 1435 1689 1469 tertium
1705 1435 1803 1468 trium
1815 1433 2078 1467 hemitoniorum

317 1476 364 1512 est
375 1479 578 1513 interuallum
589 1507 597 1515 .
625 1482 765 1516 Diatoni
777 1481 845 1515 duo
855 1480 927 1516 sunt
936 1483 1118 1516 continuati
1129 1484 1213 1521 toni,
1227 1486 1358 1518 tertium
1369 1484 1584 1518 hemitonium
1597 1483 1668 1517 finit
1687 1482 1860 1516 tetracordi
1874 1480 2078 1529 magnitudi-

318 1538 405 1562 nem.
421 1528 469 1562 Ita
479 1528 512 1563 in
522 1529 624 1564 tribus
636 1529 812 1577 generibus
826 1530 1032 1566 tetrachorda
1041 1544 1078 1565 ex
1088 1531 1218 1567 duobus
1233 1534 1367 1579 tonis,&
1377 1533 1560 1568 hemitonio
1570 1531 1642 1566 sunt
1652 1542 1845 1580 peraequata.

513 1632 1062 1676 HARMO‘JQICVM.
1300 1633 1881 1676 CHROMATJCVM.

511 1725 596 1770 diesss
741 1726 827 1771 diesis
971 1730 1104 1764 ditonus.
1251 1727 1398 1764 hemiton.
1497 1727 1640 1764 hemiton.
1741 1725 1890 1761 trihemit.

437 1774 1922 1914 Q&

931 2015 1461 2060 DIATORICVM.

921 2109 1074 2147 hemiton..
1164 2119 1256 2147 tonus
1403 2120 1506 2146 tonus.

875 2156 1554 2285 Q

365 2361 412 2393 Vt
422 2367 457 2391 ea
470 2357 680 2404 intelligantur,
690 2368 752 2402 qux
761 2371 780 2393 a
790 2361 872 2395 Vitr.
882 2361 1032 2398 dicuntur,
1043 2366 1189 2406 exponam
1198 2357 1269 2402 quid
1269 2354 1313 2400 sit
1323 2356 1548 2394 tetrachordum
1559 2381 1569 2397 ‚
1581 2359 1654 2407 quid
1669 2357 1858 2392 interuallum
1866 2380 1878 2396 ‚
1887 2361 1958 2405 quid
1972 2369 2073 2398 tonus,

316 2406 388 2454 quid
395 2407 518 2454 denique
530 2406 573 2450 sit
580 2405 776 2453 unusquisque
782 2411 976 2442 terminorum
985 2430 996 2446 ,
1008 2410 1060 2455 qui
1072 2419 1091 2441 a
1099 2412 1130 2442 V
1130 2408 1202 2440 itru.
1209 2414 1373 2452 ponuntur.
1400 2411 1450 2441 Fx
1469 2409 1614 2442 ordinatis
1632 2408 1724 2452 igitur
1732 2418 1841 2441 uocum
1848 2407 2074 2452 ascensionibus,

341 2465 382 2488 ua
393 2456 447 2499 (ut
455 2456 537 2498 dixi)
540 2455 705 2502 sjiflemata
713 2457 853 2490 dicuntur
861 2469 880 2491 a
899 2461 1016 2494 Graecis,
1022 2455 1109 2500 sealde
1116 2467 1136 2489 a
1142 2452 1255 2494 nostris,
1263 2454 1411 2500 perfelia,
1420 2460 1462 2494 &⁴
1473 2455 1611 2499 absoluta
1619 2457 1669 2490 illa
1685 2454 1723 2497 eft
1731 2478 1742 2494 ,
1752 2466 1815 2502 quae
1821 2457 1899 2490 inter
1906 2458 1997 2490 imum
2007 2476 2018 2493 ‚
2029 2462 2073 2495 &-

309 2467 458 2547 Jummum
463 2505 593 2549 gradum
602 2515 670 2537 eum
681 2513 954 2552 concentum,quem
957 2504 1165 2552 sjrm12honiam
1175 2505 1281 2540 Graeci,
1291 2502 1511 2545 confimantiam
1518 2504 1607 2540 latini
1613 2505 1773 2551 appellant,
1782 2505 1923 2542 continet,
1935 2506 1987 2552 qui
2002 2503 2072 2538 reli-

316 2563 393 2599 quos
408 2563 506 2586 omnes
514 2562 674 2586 concentus
682 2557 723 2590 ύ-
729 2552 926 2600 symphonias
934 2553 1125 2600 amplebiitur
1134 2575 1144 2585 .
1170 2552 1308 2586 ordinari
1314 2560 1416 2585 autem
1435 2551 1599 2597 huiusmodi
1611 2554 1728 2599 gradus
1742 2554 1782 2586 ad
1793 2551 1956 2598 perfet'lam
1963 2552 2073 2596 conso-

326 2603 461 2634 nantiam
470 2613 527 2635 non
533 2600 662 2648 poffimt,
674 2599 726 2644 nist
736 2603 962 2648 quatuordecim
972 2613 1091 2635 numero
1094 2600 1158 2644 sint
1165 2599 1335 2638 interualla,
1346 2602 1422 2634 inter
1432 2603 1598 2649 quindecim
1606 2604 1688 2636 uocis
1695 2601 1810 2647 gradus
1819 2600 1978 2636 collocata.
1992 2607 2072 2636 Gra-

320 2650 392 2682 dum
400 2650 531 2695 intelligo
543 2652 626 2684 uocis
635 2648 733 2684 locum
735 2649 801 2693 siue
810 2649 965 2697 depreffiis,
972 2649 1038 2693 siue
1044 2649 1136 2683 altior
1137 2648 1192 2693 sit.
1219 2654 1361 2682 Caeterum
1369 2651 1440 2695 quia
1447 2649 1488 2685 ab
1498 2652 1581 2685 initio
1584 2649 1687 2693 statim
1695 2660 1752 2683 non
1769 2649 1966 2698 undequaque
1971 2649 2072 2697 perfe-

321 2698 384 2735 eia,
400 2703 441 2737 &⁴
453 2697 590 2741 abfhlutae
597 2706 680 2732 artes
683 2698 783 2741 fuere,
785 2698 839 2742 sed
847 2707 940 2737 artes,
952 2704 994 2738 (5-
999 2698 1126 2741 scientia
1135 2698 1346 2735 additamento,
1357 2703 1399 2737 (9-
1406 2707 1541 2746 tempore
1549 2698 1785 2736 creuerunt‚ideo
1794 2696 1958 2740 nonsiati'm
1965 2696 2006 2732 ab
2014 2699 2072 2732 ini-

315 2747 360 2780 tio
371 2748 486 2792 integra
495 2747 554 2784 illa,
564 2752 607 2786 (γ
623 2745 762 2789 absoluta
769 2759 879 2782 uocum
887 2749 1035 2782 ordinatio
1044 2749 1163 2780 inuenta
1172 2746 1227 2783 est,
1232 2745 1284 2789 Ιὲά
1288 2745 1389 2793 postea
1410 2759 1509 2781 omnes
1524 2749 1638 2794 gradus
1654 2747 1803 2780 additione
1817 2745 1968 2792 prioribus
1980 2744 2071 2790 flabia

314 2795 504 2837 conformati,
519 2801 560 2835 &
569 2797 704 2843 coaptati
708 2794 790 2837 sunt,
800 2797 877 2830 unde
887 2796 1087 2840 informandis
1095 2794 1214 2838 musicis
1223 2797 1342 2840 organis
1348 2817 1360 2832 ‚
1373 2799 1414 2834 Θ·
1423 2797 1613 2842 experiundis
1630 2794 1825 2840 coiisimantijs
1831 2797 1942 2837 neruis,
1951 2793 2068 2836 &fidi-

315 2839 374 2875 hus
382 2844 412 2875 in
421 2841 518 2877 abaco
527 2843 656 2886 distentis
662 2842 837 2882 utebantur,
849 2846 972 2879 interim
979 2845 1066 2878 unica
1075 2865 1087 2881 ‚
1103 2845 1221 2878 interim
1227 2841 1366 2890 pluribus
1371 2843 1490 2878 chordis
1497 2852 1658 2881 tentantes,
1671 2845 1752 2891 quod
1759 2845 1858 2878 animo
1866 2841 2071 2891 concepissent,

311 2889 462 2934 sonitibus
469 2894 636 2938 exprimere
646 2916 657 2926 .
683 2898 757 2927 Cum
766 2895 854 2928 unica
864 2892 987 2930 chorda,
999 2892 1123 2940 neruo&
1131 2895 1342 2940 experirentur
1367 2893 1427 2926 uod
1435 2891 1603 2936 uolusſjent,
1610 2891 1841 2926 monochordum
1848 2890 2070 2934 instrumentum

314 2936 356 2972 ab
371 2939 471 2977 unica,
483 2939 593 2982 &sola
604 2940 715 2974 chorda
724 2943 928 2976 nominauere.
938 2942 997 2977 Sed
1007 2952 1075 2975 cum
1082 2941 1189 2975 uellent
1194 2940 1276 2989 pluri
1279 2938 1334 2974 bus
1337 2904 1394 2982 fidi
1397 2939 1453 2975 bus
1461 2940 1647 2978 exerceri,ab
1656 2951 1760 2974 earum
1769 2951 1893 2974 numero
1899 2938 2070 2981 infirmen-

316 2994 351 3022 ta
360 2985 512 3022 uocabant
519 3012 529 3021 .
561 2989 631 3022 Ideo
639 2989 863 3024 tetrachordum
873 3001 916 3024 ex
923 2997 1062 3037 quatuor,
1069 2989 1307 3035 pentachordum
1314 3000 1355 3023 ex
1363 2991 1549 3036 quinqua&
1557 2991 1601 3023 ica
1607 2988 1669 3024 alia
1677 2988 1767 3036 ufilue
1773 2989 1813 3022 acl
1817 2987 2071 3035 pentedecacbor—

315 3036 387 3071 dum
395 3047 436 3071 ex
444 3037 610 3085 quindecim
621 3038 774 3078 nerum&
782 3037 904 3074 chordis
910 3038 1096 3087 appellauere
1105 3062 1115 3072 .
1124 3041 1208 3073 nerui
1213 3046 1326 3076 autem,
1335 3043 1378 3078 &⁹
1385 3036 1501 3073 chorda
1509 3037 1562 3072 illa
1564 3039 1680 3085 gradus
1686 3059 1697 3077 ‚
1708 3043 1750 3081 ῥ’
1755 3038 1838 3072 uocis
1843 3034 2070 3128 aftmssoxgsfi-

1872 3096 1926 3132 gm
1949 3098 1966 3120 C
2007 3092 2074 3124 ant,

2108 598 2153 625 10.

2105 1091 2151 1115 20

2106 1581 2153 1616 ³0

2103 2558 2149 2595 50

2094 3035 2144 3075 ‘a

2235 3099 2241 3178 3³
