2241 3318
313 87 378 121 32*
1024 80 1360 123 *LIBER

298 162 379 191 mate
389 153 602 200 fiimespatiicm
626 165 646 186 a
671 163 705 187 x.
733 156 775 191 Θ
784 153 813 187 in
829 149 1025 197 aquinoe‘liali
1041 153 1126 188 radio
1149 155 1248 201 ‚quod
1255 156 1283 188 in
1299 155 1449 188 duodenas
1455 164 1552 199 aquas
1558 162 1662 201 partes
1671 156 1794 190 diuidito
1805 176 1816 193 ‚
1826 156 1903 190 idem
1907 152 2055 199 fficitoab

298 218 329 243 a,
356 204 395 238 ad
418 214 452 237 x.
481 215 532 236 eas
538 211 641 248 partes
649 203 677 236 in
685 199 900 248 equinolliales
910 199 1004 234 lineas
1021 199 1137 238 colume
1145 201 1187 236 ua
1205 204 1370 246 transferas
1381 228 1390 237 .
1418 208 1507 237 sume
1523 205 1628 236 iterum
1631 203 1758 250 spatium
1767 216 1806 238 ex
1814 205 2014 239 analemmate
2038 216 2055 239 r

300 252 334 289 k.
361 251 410 285 uel
435 251 447 285 l
467 263 501 296 g.
528 250 584 283 hoc
593 253 636 287 ita
647 251 768 287 diuides,
779 259 813 283 nt
821 259 903 296 pars,
913 261 976 296 quae
985 248 1023 290 est
1033 248 1072 285 ab
1099 262 1130 285 u.
1156 252 1195 284 ad
1222 250 1254 285 k.
1273 251 1366 298 fiipra
1375 251 1564 296 horizontem
1591 264 1607 285 e
1631 265 1650 286 a
1675 253 1697 286 i.
1723 254 1753 286 in
1763 254 1914 287 duodecim
1923 253 2007 296 seces
2015 265 2054 287 te·-

297 315 371 349 quas
380 309 493 347 partes,
504 305 543 338 Θ
550 308 667 344 partem
669 296 726 341 sub
738 298 900 344 horizonte
912 297 952 333 ab
979 311 1010 334 a.
1036 300 1076 334 ad
1101 311 1127 331 ν.
1148 298 1287 342 fimiliter
1298 302 1411 334 diuidds
1419 302 1449 333 in
1459 301 1608 335 duodenas
1617 303 1770 347 portiones
1782 325 1792 335 .
1802 302 1856 336 bas
1866 313 1964 336 omnes
1971 300 2065 343 trans

292 351 378 395 feras
388 352 415 382 in
427 348 582 387 columella
593 349 631 385 ad
640 346 888 393 lineamfhlslitiij,
901 346 969 388 idest
980 348 1099 384 Cancri,
1110 349 1186 381 idem
1192 347 1292 390 ficita
1301 350 1336 382 de
1348 348 1425 382 linea
1446 360 1470 394 g
1496 349 1517 382 l.
1541 352 1659 396 partire
1673 348 1714 384 ab
1739 363 1766 384 s.
1790 352 1830 384 ad
1853 349 1877 384 l.
1903 353 1934 385 in
1946 346 2051 398 partes

298 400 459 434 duodecim,
470 403 510 435 Θ
519 395 558 430 ab
584 410 610 431 s.
636 398 675 431 ad
692 408 728 442 g.
748 396 898 440 fimiliter,
909 401 950 435 Θ
959 409 1010 432 eas
1013 395 1157 438 seliiones
1166 399 1205 431 ad
1213 397 1322 433 lineam
1334 396 1443 431 bruma
1451 419 1461 434 ‚
1473 397 1529 432 hoc
1539 396 1576 440 est
1590 400 1764 445 Capricorni
1781 399 1942 443 transferto
1950 402 2050 434 ordine

296 459 355 494 quo
368 449 397 480 in
410 445 609 479 analemmate
615 454 768 492 ponuntur
778 471 787 479 .
798 444 908 493 quodsi
917 457 956 479 ex
963 445 1163 479 analemmate
1172 445 1303 480 aliorum
1313 445 1467 491 signorum
1478 449 1638 480 diametros
1654 446 1813 494 fiimpfi’ris
1820 470 1830 486 ,
1842 454 1883 488 Θ
1894 460 1945 483 eas
1953 460 1988 482 ea
1998 460 2050 483 raz-

296 499 375 531 tione
385 494 524 538 diuiseris‚
534 505 568 529 ut
574 495 772 541 pai-tesfiipra
786 516 795 532 ,
810 500 850 533 Θ
859 495 932 535 inst-a
944 494 1132 541 horizontem
1140 496 1254 530 diuidas
1279 497 1309 528 in
1327 495 1479 529 duodecim
1494 498 1650 543 portiones
1661 517 1671 533 ,
1682 502 1723 535 Θ
1738 508 1789 530 eas
1804 499 1834 530 in
1849 497 2002 532 columella
2010 498 2051 531 ad

290 545 364 589 ficas
372 544 466 580 lineas
475 546 649 588 transferas,
661 545 769 590 optime
778 543 958 586 tranfiierfiis
966 543 1108 576 horarum
1117 543 1211 578 lineas
1220 557 1239 577 a
1249 544 1364 590 punelis
1375 547 1487 578 mutuis
1496 566 1506 581 ,
1518 550 1558 584 Θ
1567 543 1807 590 respondentibus
1816 547 1904 580 duces
1912 571 1921 580 .
1932 557 2001 580 nam
2010 546 2048 579 li—

296 606 363 631 nea,
373 604 436 641 qux
443 605 462 626 a
468 595 576 640 puncto
602 605 633 626 a.
656 602 713 640 per
721 592 862 638 putidum
888 597 929 626 V.
946 594 986 628 ad
988 591 1115 636 fignum.
1143 605 1168 626 s.
1181 598 1222 631 Θ
1233 594 1332 635 rursus
1339 591 1378 625 ab
1403 605 1429 625 s.
1455 594 1496 626 ad
1520 605 1551 627 a.
1578 595 1606 626 in
1615 592 1769 627 columella
1776 597 1955 640 peruenerit,
1969 593 2047 629 linea

295 645 354 677 erit
368 654 429 690 qua
441 642 532 675 boras
539 644 660 677 diurnas
667 655 686 675 a
697 641 849 674 nummis
851 639 1018 686 separabit.
1045 642 1168 685 Signata
1179 642 1271 686 igitur
1275 642 1338 684 fiiis
1349 644 1476 675 numeris
1485 640 1574 675 horas
1583 643 1612 675 in
1618 642 1794 689 praescriptis
1795 641 1975 685 sefflionibus
1983 665 1993 680 ‚
2005 649 2046 682 Θ

288 691 347 737 fiib
357 691 440 725 lineis
449 689 598 732 menstruis
601 690 754 736 fignorum
759 689 945 735 singulorum
963 690 1131 723 carac‘ieres
1148 697 1281 736 appone:
1292 695 1333 729 Θ
1348 689 1532 725 columellam
1543 692 1586 724 ita
1604 689 1785 735 defignatam
1793 693 1873 737 erige
1886 691 2008 726 axiculo
2016 701 2048 725 m

296 743 356 777 imo
366 743 427 775 eius
435 739 581 786 impofito‚
592 748 625 772 ut
635 741 664 772 in
669 739 808 782 foramen
813 737 980 780 fiibieflum
994 740 1118 783 ingredi,
1130 744 1171 777 Θ
1181 738 1318 773 conuolm'
1327 738 1412 786 poffit
1424 763 1433 772 .
1461 740 1573 773 ‘Pedem
1582 739 1737 773 columellae
1746 737 1880 774 orbiculo
1889 741 2046 774 circunda-

295 788 344 824 bi,-
352 798 436 827 aereo,
447 787 496 822 uel
505 798 603 822 rotam
610 797 740 834 appones
751 785 907 820 denticulis
937 798 950 831 3
959 790 1002 820 60
1017 811 1026 821 .
1052 786 1201 831 diffeflam
1211 789 1255 821 ita
1264 797 1298 822 ut
1300 786 1357 829 sub
1367 788 1464 822 erebia
1473 788 1636 821 collumella
1645 809 1655 825 ‚
1667 797 1735 822 rota
1744 788 1804 822 alia
1814 790 1843 822 in
1851 787 1972 835 planum
1979 798 2048 835 po—

288 837 352 885 fita
361 840 497 875 dentata,
510 843 549 876 Θ
559 836 687 879 uersata,
699 837 759 869 eius
770 834 897 869 orbiculi
906 836 1007 872 dentes
1017 837 1158 881 impellat.
1169 846 1212 870 ita
1235 845 1270 870 ut
1273 835 1398 881 fingulis
1404 835 1507 870 diebus
1516 838 1617 870 dentes
1620 835 1754 881 singulos
1761 846 1892 872 moueat.
1918 842 1962 871 Ea
1971 848 2044 870 uero

295 899 360 933 quae
367 889 398 920 in
404 886 495 933 plano
497 886 605 929 fuerit,
618 883 658 919 ab
668 884 729 919 alia
740 884 920 931 impellatur,
931 896 993 931 qua
1002 886 1032 919 in
1039 884 1129 931 plano
1137 884 1338 932 pofitafitffly
1346 887 1463 919 unicum
1474 883 1587 919 habeat
1598 884 1757 919 deticulum
1768 888 1797 919 in
1807 885 1956 932 capitesui
1962 887 2044 925 axis,

291 936 352 970 haec
361 946 478 983 quoque
488 933 527 968 ab
537 933 599 967 alia
611 933 769 980 impellitur
780 941 849 967 rota
859 935 888 967 in
899 934 999 968 cultro
1007 933 1105 980 postca
1117 956 1128 971 ,
1140 939 1180 973 Θ
1190 936 1219 967 in
1231 935 1333 977 fronte
1369 935 1490 968 dentata
1505 933 1632 981 paribus
1640 945 1706 968 cum
1711 933 1860 981 superiori
1867 934 2023 969 denticulis
2030 954 2042 971 ,

295 995 339 1020 ita
348 994 382 1019 ut
392 982 606 1032 quaequesemel
616 984 645 1015 in
658 984 704 1017 die
714 991 809 1016 totam
818 981 917 1025 fficiat
937 984 1140 1017 circuitionem
1148 1007 1158 1021 ‚
1161 982 1321 1026 secundum
1330 983 1408 1030 quod
1422 994 1523 1017 eorum
1542 985 1612 1017 axis
1629 981 1798 1017 monebitur
1807 1008 1816 1017 .
1826 985 1938 1017 circum
1953 994 2044 1018 axem

289 1035 373 1078 funis
381 1032 556 1069 inuoluitur,
569 1034 620 1077 qui
628 1030 752 1066 habebit
762 1043 802 1065 ex
816 1043 873 1064 uno
885 1033 985 1078 capite
994 1031 1138 1078 phellum,
1148 1031 1196 1066 uel
1199 1031 1365 1078 scaphium,
1368 1030 1420 1074 seu
1432 1040 1605 1078 t3mpanum
1613 1034 1695 1065 inuer
1706 1042 1756 1065 um
1765 1053 1775 1069 ‚
1785 1038 1826 1072 Θ
1834 1044 1874 1067 ex
1881 1033 1943 1066 alia
1953 1044 1974 1066 ις
1997 1034 2044 1065 ui-

292 1084 433 1131 pondium
448 1106 456 1115 .
495 1080 616 1116 ‘Phellos
627 1082 718 1116 autin
731 1079 836 1115 arcula
847 1102 856 1117 ,
865 1090 920 1114 aut
928 1080 996 1123 uase
1006 1079 1210 1118 collocabitur,
1219 1084 1248 1114 in
1257 1083 1337 1126 quod
1345 1092 1383 1119 ex
1390 1073 1505 1122 caslello
1514 1079 1617 1125 influet
1625 1092 1716 1127 aqua,
1727 1081 1975 1128 quiescaphumfii
1999 1080 2042 1114 le-

296 1130 393 1169 uabit‚
406 1137 447 1171 Θ
457 1131 670 1180 aequipondium
680 1129 908 1172 axemfimiculo
919 1129 1134 1163 circiimnoluet
1144 1152 1153 1168 ,
1164 1132 1234 1164 axis
1242 1138 1341 1165 rotam
1348 1131 1377 1163 in
1385 1128 1482 1163 cultro
1491 1129 1617 1176 pofitam
1625 1127 1758 1164 monebit
1766 1152 1777 1167 ,
1787 1141 1821 1164 ea
1830 1131 1858 1163 in
1866 1129 1956 1177 plano
1961 1128 2043 1177 posi-

296 1190 360 1216 tam
368 1179 511 1217 monebit,
524 1190 585 1227 quae
596 1178 745 1213 denticulo
755 1180 784 1211 in
795 1180 893 1224 capite
903 1189 965 1213 eius
974 1180 1043 1211 axis
1056 1178 1200 1214 collocato
1208 1201 1218 1216 2
1227 1180 1396 1215 motionem,
1406 1184 1446 1218 Θ
1456 1178 1650 1221 uerfiztionem
1661 1179 1722 1211 eius
1723 1177 1834 1221 fhciet,
1843 1190 1905 1225 quae
1915 1180 1944 1212 in
1950 1179 2042 1226 plano

293 1238 362 1264 erat
372 1228 528 1264 denticulis
532 1229 681 1272 formata,
693 1239 754 1274 quae
766 1225 941 1263 orbiculum,
952 1226 1001 1260 uel
1009 1235 1108 1261 rotam
1118 1227 1275 1265 columella:
1283 1228 1453 1274 impellendo
1464 1228 1595 1274 quotidie
1601 1235 1720 1274 partem
1728 1239 1817 1261 unam
1827 1239 1867 1263 ex
1880 1234 1959 1270 360.
1988 1227 2042 1261 εὸ-

296 1281 402 1325 tinget,
413 1279 457 1313 ita
468 1286 502 1312 ut
512 1280 541 1311 in
550 1288 626 1311 anno
633 1276 798 1323 perfec‘t'am
807 1277 1027 1309 circinationem
1036 1275 1192 1311 columella
1197 1276 1336 1323 perficiat
1346 1301 1355 1312 .
1367 1277 1423 1310 Sed
1431 1284 1466 1310 ut
1472 1275 1548 1310 horae
1556 1277 1731 1314 indicentur,
1741 1278 1786 1310 ita
1794 1274 1832 1318 est
1839 1288 1920 1324 aqua
1930 1284 2042 1322 tempe-

298 1330 407 1362 randa.
435 1326 722 1373 Cononpycramides,
734 1323 785 1358 uel
792 1333 887 1358 metas
895 1325 970 1358 duas
977 1335 1066 1358 areas
1075 1336 1114 1360 ex
1121 1335 1212 1360 torno
1215 1324 1314 1369 fizcies
1326 1349 1335 1359 .
1343 1324 1441 1362 altera
1443 1323 1485 1368 fit
1495 1322 1836 1367 caua,alterasolida‚&
1845 1327 1888 1359 ita
1895 1324 2040 1371 perfecta,

292 1385 327 1411 ut
337 1379 366 1410 in
379 1387 488 1412 cauam
496 1377 573 1409 inire
582 1396 592 1411 ‚
603 1373 789 1421 conuenircq5
797 1375 897 1421 possit.
908 1385 987 1407 cauae
997 1385 1088 1408 conus
1096 1374 1138 1418 fit
1143 1375 1315 1421 perforatus
1322 1375 1404 1410 tenui
1411 1370 1561 1417 foramine
1569 1395 1579 1410 ‚
1588 1374 1618 1407 in
1626 1385 1684 1420 quo
1690 1375 1846 1420 perforata
1849 1385 1981 1420 gemma,
1991 1371 2042 1409 uel

292 1437 402 1460 aurum
412 1427 593 1472 imponatur,
604 1431 638 1456 ut
647 1435 686 1457 ex
694 1434 727 1457 eo
736 1435 817 1468 aqua
829 1422 946 1467 effluat,
948 1421 1046 1465 solida
1056 1423 1159 1468 regula
1169 1425 1198 1457 in
1206 1421 1245 1457 ba
1258 1436 1268 1458 i
1276 1424 1373 1459 media
1395 1421 1484 1468 infiga
1489 1431 1550 1459 tur,
1558 1420 1607 1455 uel
1613 1432 1838 1468 coagmentetur
1846 1445 1856 1460 ,
1866 1421 1969 1467 regula
1976 1433 2041 1456 me-

293 1476 344 1509 dia
349 1474 496 1517 findatur,
505 1481 539 1506 ut
547 1473 632 1507 cunei
635 1481 691 1519 per
699 1473 761 1505 eius
768 1474 934 1517 apertiones
942 1473 1062 1507 immitti
1065 1474 1175 1519 possint
1183 1474 1310 1506 maiores
1322 1496 1331 1511 ‚
1343 1471 1393 1506 uel
1399 1473 1525 1506 minores
1534 1492 1545 1507 2
1555 1479 1588 1504 ut
1597 1469 1668 1513 usus·
1682 1470 1850 1518 postulabit
1858 1496 1867 1506 .
1885 1464 1989 1517 regula
1997 1472 2040 1509 iti,=

293 1525 407 1558 &recta
417 1530 538 1557 maneat
548 1524 625 1555 inter
635 1523 712 1555 duae
722 1519 903 1563 transuersas
914 1519 1048 1566 regulos,
1059 1527 1100 1560 Θ
1109 1534 1185 1556 caua
1193 1530 1274 1555 meta
1283 1523 1373 1557 etiam
1381 1519 1580 1556 loculamento
1589 1520 1760 1566 imponatur
1768 1541 1778 1556 ‚
1789 1519 1966 1563 utfiistineri
1972 1518 2040 1566 pos2

284 1572 341 1617 fit,
353 1580 395 1614 Θ
404 1575 432 1606 in
442 1582 507 1606 eam
517 1569 626 1604 direc't‘e
628 1570 647 1613 J
647 1568 724 1603 olida
732 1571 846 1603 intrare
853 1578 947 1616 queat
956 1595 965 1603 .
991 1575 1083 1604 Metto
1092 1572 1136 1604 ita
1146 1571 1295 1604 collocatae
1302 1571 1448 1616 recipiant
1456 1579 1568 1616 aquam
1575 1579 1594 1602 a
1612 1569 1739 1614 quodam
1748 1567 1814 1611 uaſs:
1823 1590 1832 1605 ‚
1845 1570 1926 1616 quod
1934 1574 1964 1602 V
1965 1571 2038 1602 itru.

293 1622 456 1656 castellum
468 1628 570 1656 uocat,
582 1627 652 1653 tunc
661 1618 825 1652 adiel't'ione
836 1629 1007 1655 cuneorum,
1017 1618 1065 1652 uel
1072 1620 1160 1653 unius
1168 1622 1253 1653 cunei
1260 1620 1394 1654 interiori
1397 1617 1522 1659 fixione,
1532 1616 1790 1659 extolle-turfitlida
1801 1627 1893 1654 meta,
1904 1622 1945 1656 Θ
1956 1628 2039 1664 aqua

292 1673 401 1705 maiori
410 1672 523 1718 impetu
532 1671 561 1703 in
569 1679 676 1703 cauam
685 1675 794 1700 metam
802 1666 905 1712 influet
913 1689 924 1704 ,
935 1672 975 1706 Θ
983 1669 1078 1700 maior
1088 1669 1172 1713 copia
1182 1679 1222 1702 ex
1239 1670 1321 1702 tenui
1324 1668 1475 1711 foramine
1491 1664 1594 1710 effluet
1603 1688 1613 1702 ,
1622 1667 1651 1699 in
1661 1677 1763 1700 arcam
1765 1664 1930 1707 subiectam
1938 1666 1969 1698 in
1978 1676 2039 1712 qua

286 1720 404 1768 phellos
413 1728 480 1755 e-r-at
487 1717 628 1766 positum.
637 1717 720 1763 quod
722 1714 752 1759 fi
759 1727 868 1750 cuneos
876 1716 1044 1750 detraxeris
1053 1738 1061 1752 ‚
1072 1715 1121 1749 uel
1129 1717 1249 1751 eundem
1259 1717 1424 1750 retraxeris
1433 1740 1442 1752 ,
1447 1715 1543 1757 solida
1551 1723 1630 1748 meta
1639 1726 1746 1750 canam
1755 1712 1900 1761 implebit,
1909 1726 1962 1750 nec
1969 1723 2040 1760 per-

290 1771 393 1803 mittet
401 1779 484 1816 aquae
492 1768 607 1813 copiam
620 1767 732 1810 ingredi
740 1786 751 1802 ‚
760 1765 804 1799 ita
808 1763 863 1806 fiet
873 1773 908 1799 ut
915 1766 1022 1798 minori
1033 1765 1143 1812 impetn
1159 1764 1282 1812 expulfiz
1291 1776 1371 1812 aqua
1381 1787 1390 1801 ‚
1399 1764 1505 1797 minori
1513 1764 1603 1797 etiam
1618 1765 1703 1809 copia
1714 1775 1728 1797 e
1731 1763 1881 1806 foramine
1890 1771 1980 1798 exeat
1988 1784 1997 1799 ,
2009 1763 2039 1797 in

292 1828 398 1853 arcam
403 1816 579 1860 ficbiei‘iam,
595 1815 671 1849 unde
679 1812 794 1860 phellos
802 1814 942 1848 motionis
952 1813 1137 1847 celeritatem
1144 1811 1285 1848 mutabit.
1295 1813 1524 1858 cognoscendum
1533 1823 1602 1845 uero
1612 1812 1783 1858 effiquanta
1792 1813 1838 1845 uis
1845 1824 1928 1858 aquae
1937 1823 1976 1846 ex
1985 1822 2040 1846 cua

290 1877 412 1900 neorum
420 1864 601 1900 detractione
611 1886 621 1900 ,
633 1862 683 1896 uel
693 1862 855 1896 adiectione
864 1864 892 1896 in
901 1874 1007 1901 cauam
1016 1871 1125 1896 naetam
1133 1862 1254 1907 influere
1259 1861 1345 1909 poffit
1353 1884 1363 1899 ,
1374 1863 1452 1909 quod
1460 1862 1659 1908 experimento
1670 1883 1680 1897 ‚
1689 1859 1738 1895 uel
1745 1860 1806 1894 alia
1816 1864 1930 1895 ratione
1939 1868 2039 1894 tenta2

291 1913 352 1949 bis.
362 1927 445 1963 aqua
454 1915 547 1960 igitur
556 1915 585 1946 in
595 1922 699 1946 arcam
710 1910 835 1955 influens
838 1910 983 1958 scapham
987 1910 1172 1954 subleuabit,
1183 1913 1232 1945 cui
1241 1910 1344 1956 regula
1352 1910 1489 1956 infigetur
1500 1935 1510 1944 .
1536 1908 1785 1954 Regulaefiffillum
1794 1911 1960 1956 imponetur
1967 1910 2039 1942 μίν-φ

284 1963 392 2010 gulam
399 1963 541 1998 horarum
550 1963 673 1995 indicem
682 1969 795 1994 tenens.
806 1962 885 2006 quod
890 1959 1054 2003 ascenfione
1065 1984 1072 1998 ‚
1083 1965 1123 1999 Θ
1133 1959 1312 2003 descenfione
1327 1959 1421 1993 horas
1431 1960 1461 1992 in
1480 1957 1634 1995 columella
1643 1958 1806 2004 descriptas
1815 1957 1958 1999 ostendet,
1967 1959 2039 1992 dum

290 2012 448 2048 columella
458 2011 590 2060 quotidie
599 2009 690 2044 aliam
699 2030 709 2047 ,
720 2017 815 2055 atque
823 2008 914 2043 aliam
926 2007 1005 2053 signi
1022 2008 1130 2042 lineam
1144 2008 1285 2052 uerfiindo
1293 2009 1332 2043 ad
1333 2007 1462 2053 figillum
1479 2015 1579 2042 uertet
1588 2031 1597 2040 .
1607 2018 1640 2040 eo
1648 2015 1747 2041 autem
1763 2008 1848 2041 modo
1858 2018 1916 2054 quo
1925 2003 2039 2051 imple-

288 2070 342 2096 tur
359 2074 431 2097 arca
440 2083 450 2099 ,
461 2061 632 2095 exinanitur
636 2068 692 2106 per
700 2065 799 2094 metas
808 2057 937 2101 infundo
944 2056 1061 2103 pofitazs
1070 2080 1079 2094 ‚
1091 2063 1132 2097 Θ
1141 2059 1241 2092 cuneis
1249 2065 1435 2104 temperatas
1442 2079 1454 2095 ,
1466 2057 1537 2091 utin
1552 2056 1767 2101 diagrammate
1777 2055 1989 2102 uidet-ipoteft.

342 2111 437 2145 Fiunt
449 2109 545 2143 etiam
565 2108 628 2142 alio
638 2117 754 2154 genere
764 2105 941 2153 horologia
952 2105 1091 2152 hyberna
1103 2132 1112 2144 ,
1127 2119 1198 2153 quae
1215 2105 1386 2152 anaporica
1403 2106 1574 2143 dicuntur,
1593 2102 1838 2150 perficiunturq‚-
1858 2102 2038 2137 rationibus

289 2157 350 2194 his.
377 2159 481 2193 Horae
493 2154 708 2202 disponuntur
717 2167 752 2188 ex
765 2155 899 2202 uirgulis
910 2156 1003 2189 aeneis
1013 2167 1049 2188 ex
1059 2156 1288 2189 analemmatos
1298 2152 1515 2200 descriptione
1523 2153 1563 2188 ab
1573 2163 1684 2188 centro
1697 2150 1853 2198 dispofitae
1865 2151 1897 2185 in
1914 2150 2037 2187 fronte.

291 2210 330 2243 In
341 2220 377 2242 ea
388 2207 498 2241 circuli
509 2205 578 2240 sunt
589 2204 765 2239 circundati
778 2204 935 2239 menstrua
946 2202 1039 2248 spatia
1051 2202 1199 2238 finientes
1211 2218 1219 2238 :
1231 2202 1301 2250 post
1312 2203 1365 2236 has
1377 2203 1516 2249 uirgulas
1526 2213 1710 2248 tympanum
1724 2201 1916 2238 collocetur,
1926 2200 1957 2233 in
1967 2211 2037 2247 quo

288 2255 465 2303 descriptus
480 2277 489 2293 ,
502 2258 534 2288 ἅτ
547 2254 649 2300 pistus
659 2253 695 2287 fit
705 2253 844 2287 mundus
861 2251 1187 2299 figniferssdrculus,
1201 2251 1406 2299 descriptioc'p
1427 2264 1465 2286 ex
1482 2250 1656 2286 duodecim
1668 2248 1848 2285 coelestium
1867 2248 2034 2297 lignorum

286 2304 324 2340 fit
335 2305 485 2353 figurata,
494 2303 584 2337 cuius
620 2314 647 2335 e.
673 2303 706 2335 in
718 2313 830 2335 centro
842 2299 1044 2336 deformatur
1054 2300 1221 2335 cuiussibet
1232 2300 1311 2347 figni
1323 2299 1455 2347 spatium
1468 2312 1569 2334 unum
1586 2298 1686 2334 maius
1697 2320 1706 2335 ‚
1716 2299 1850 2333 alterum
1862 2300 1966 2334 minus
1975 2323 1985 2333 .

336 2352 546 2396 ,Artificiosum
558 2352 690 2385 maxime
699 2350 944 2397 horologiq'genus
952 2350 1136 2393 describitur,
1146 2349 1196 2384 uel
1204 2351 1336 2383 innuitur
1339 2351 1445 2396 potius
1455 2362 1474 2383 a
1484 2348 1637 2384 Vitruuio.
1658 2349 1737 2383 duas
1747 2346 1839 2382 habet
1853 2355 1958 2395 partes
1969 2355 2036 2382 tra.-

287 2404 382 2439 Hatio
393 2403 466 2439 haec,
475 2400 572 2435 altera
580 2401 709 2448 pertinet
720 2400 760 2433 ad
767 2398 913 2444 horologii
914 2398 1235 2442 fitbieclionemmltera
1243 2400 1283 2433 ad
1289 2409 1374 2445 aquae
1381 2399 1634 2444 temperationem.
1646 2395 1949 2442 Horologijfiibieet'io
1957 2397 2037 2434 duas

284 2461 390 2500 partes
397 2449 501 2488 habet,
512 2449 612 2484 altera
621 2449 666 2483 est
675 2448 817 2482 horarum
826 2447 992 2495 descriptio,
1003 2447 1102 2482 altera
1113 2447 1151 2490 est
1162 2446 1410 2494 caeli,syderumq;
1419 2445 1580 2491 designatio
1591 2470 1600 2480 .
1628 2451 1779 2480 Horarum
1787 2444 1940 2493 descriptio
1941 2443 2034 2488 firmi*

286 2510 341 2536 tur
351 2499 391 2536 ab
401 2497 672 2541 analemmatffised
679 2509 737 2545 qua
747 2499 864 2530 ratione
872 2508 928 2530 non
938 2498 1025 2531 docet
1034 2503 1065 2532 V
1065 2500 1116 2531 itr.
1125 2501 1204 2543 Non
1219 2499 1316 2529 minus
1325 2494 1365 2529 ab
1385 2496 1484 2531 eodem
1493 2493 1676 2538 desideratur
1691 2493 1754 2530 coeli
1762 2492 1948 2541 ,sjtderiimq,·
1961 2491 2035 2536 defi-

282 2551 403 2596 gnatio.
415 2559 508 2596 quare
517 2547 578 2583 haec
585 2556 712 2595 utraque
720 2546 896 2581 offendenda
904 2544 960 2588 effe
966 2544 1100 2580 arbitror
1110 2570 1120 2580 .
1144 2544 1333 2581 Analemma
1342 2546 1432 2589 igitur-
1439 2542 1707 2589 asphaeraefitmitur
1715 2544 1745 2576 in
1749 2536 1873 2588 planum
1877 2542 2012 2587 proiecta
2023 2566 2035 2575 .

287 2608 327 2646 pr
332 2596 580 2645 oijceresphaeram
591 2598 621 2630 in
630 2595 722 2642 plano
731 2594 804 2628 nihil
813 2593 895 2630 aliud
906 2594 962 2631 eff,
974 2594 1064 2640 qudm
1072 2605 1170 2629 omnes
1178 2596 1240 2628 eius
1248 2593 1375 2628 circulos
1383 2614 1394 2630 ,
1404 2593 1500 2626 omnia
1503 2591 1590 2638 figna
1599 2615 1609 2630 ,
1619 2594 1648 2626 in
1652 2590 1743 2639 plano
1760 2588 1922 2634 describere
1930 2612 1940 2628 ,
1949 2591 1993 2624 ita
2002 2599 2037 2624 ut

288 2649 411 2681 eandem
431 2649 491 2680 uim
500 2643 560 2680 hab
566 2654 635 2679 eant
643 2646 672 2679 in
681 2643 773 2691 plano
784 2665 793 2680 ,
802 2653 892 2689 quam
900 2644 928 2676 in
932 2642 1043 2688 sphaera
1053 2651 1153 2677 tenent
1162 2658 1173 2683 ;
1182 2644 1213 2676 id
1228 2651 1328 2677 autem
1339 2641 1379 2683 fit
1398 2642 1504 2688 opticis
1511 2639 1690 2678 rationibus,
1700 2651 1734 2674 eo
1742 2640 1840 2685 modo,
1852 2651 1910 2687 quo
1921 2637 2037 2677 tabella

288 2696 339 2730 afl
345 2693 456 2741 rolabij
463 2702 684 2741 componuntur
695 2716 705 2728 ,
735 2690 929 2734 Defi·ribat.ur
946 2703 975 2725 in
983 2691 1074 2737 plano
1091 2691 1224 2726 circulus
1231 2701 1285 2736 per
1295 2689 1378 2725 orbis
1392 2691 1528 2725 cardines
1541 2699 1697 2736 permeans
1720 2699 1740 2722 a
1765 2686 1784 2722 b
1809 2701 1827 2722 c
1850 2689 1880 2723 d.
1903 2696 2038 2735 ponatur

287 2745 426 2778 diametri
433 2742 674 2791 aequidistantium
686 2740 866 2777 circulorum
874 2741 1119 2787 quemadmodum
1128 2742 1157 2773 in
1164 2739 1362 2774 analemmate
1381 2738 1406 2782 f
1438 2738 1461 2772 l.
1489 2737 1607 2773 brumae.
1636 2736 1655 2772 b
1681 2738 1711 2772 d.
1746 2738 1904 2782 aequatoris
1913 2761 1923 2770 .
1956 2738 1968 2770 i
1991 2747 2034 2769 m.

279 2792 419 2838 solstitij.
444 2805 475 2829 a,
497 2791 540 2836 fit
547 2793 638 2826 cardo
647 2793 677 2825 in
687 2801 747 2836 quo
757 2788 838 2831 uisus
846 2787 940 2830 noller
949 2790 1083 2835 ponitur.
1102 2801 1130 2825 c,
1140 2800 1215 2822 vero
1226 2787 1380 2835 oppofitus
1388 2787 1643 2824 cardo.ducantur
1649 2787 1726 2831 radij
1737 2785 1777 2821 ab
1801 2790 1852 2823 A·
1878 2786 1918 2819 ad
1924 2785 2038 2823 reliam

286 2840 398 2875 lineam
400 2840 529 2884 fiabietii
538 2840 622 2888 plani
627 2849 684 2886 per
693 2846 829 2873 extrema
836 2839 1047 2872 diametrorum
1058 2859 1067 2874 ,
1079 2842 1120 2875 Θ
1123 2836 1185 2880 sint
1207 2850 1227 2871 a
1255 2838 1281 2881 f
1292 2849 1328 2882 g.
1354 2848 1374 2870 a
1409 2834 1430 2870 b
1463 2834 1495 2869 h.
1520 2847 1541 2869 a
1572 2837 1584 2868 i
1609 2833 1642 2868 k.
1674 2847 1694 2868 a
1719 2845 1736 2869 e
1767 2847 1796 2869 c.
1822 2835 1887 2869 dico
1893 2833 2038 2881 punl't‘um

285 2901 315 2924 e.
340 2888 471 2923 alterum
482 2891 632 2924 cardinem
639 2890 669 2922 in
676 2887 753 2922 linea
761 2886 968 2934 repraesentare
977 2902 988 2924 ,-
997 2886 1138 2932 ριιηὶἶιινη
1157 2898 1193 2931 g.
1219 2894 1387 2920 extremam
1405 2884 1542 2918 diametri
1556 2881 1665 2917 brumae
1676 2905 1686 2920 ‚
1702 2883 1843 2930 punfium
1867 2881 1900 2917 h.
1926 2891 2039 2920 extre,-

284 2950 369 2973 mam
379 2939 544 2972 diametron
551 2938 719 2984 aquatoris.
726 2937 870 2983 punc'ium
897 2934 931 2969 k.
957 2943 1125 2969 extremam
1144 2937 1281 2969 diametri
1293 2934 1417 2978 ffilstitij
1424 2932 1534 2976 referre
1543 2957 1553 2965 .
1571 2941 1674 2966 centro
1685 2934 1776 2977 igitur
1802 2938 1836 2966 C.
1857 2931 1954 2977 spatio
1965 2929 2038 2964 uero

286 3000 305 3021 c
324 2998 361 3032 g.
385 2988 485 3021 ducito
496 2986 640 3021 circulum
650 3006 660 3022 ‚
670 2985 780 3028 referet
789 2987 814 3018 is
824 2983 968 3019 circulum
985 2981 1094 3017 brume
1104 3009 1114 3018 .
1141 2986 1244 3030 Spatio
1253 2992 1354 3017 autem
1389 2995 1406 3015 c
1431 2979 1463 3014 h.
1504 2982 1603 3014 ducito
1613 2981 1777 3018 circulum,
1785 2980 1892 3024 referet
1903 2977 1932 3013 is
1940 2990 2038 3026 aqua·

285 3043 394 3075 torem,
406 3035 497 3083 spatio
506 3036 622 3071 deinum
646 3046 664 3074 c
692 3032 723 3067 k.
750 3035 850 3070 ducito
859 3032 1016 3072 circulum,
1025 3033 1133 3077 referet
1142 3035 1168 3067 is
1171 3031 1289 3079 solstitij
1296 3030 1438 3069 circulum
1448 3053 1458 3064 0
1467 3031 1570 3069 eadem
1570 3028 1601 3074 fi
1618 3030 1693 3073 infra
1702 3031 1832 3078 tropicos
1847 3027 2039 3118 aliztstaequi-

1923 3087 1928 3101 ¹
1952 3083 2039 3110 antes

2073 1073 2118 1098 20

2071 1564 2116 1599 ΞΘ

2065 2056 2114 2090 40
2219 2030 2233 2111 l

2067 2545 2110 2582 50

2065 3030 2114 3063 60
