2241 3318
158 96 163 115 ⁵
846 105 1349 139 ocTAVVs.
1876 107 1938 139 261

183 182 260 220 illa,
270 178 470 229 qukfitaquae
476 180 610 216 ducenda
611 179 716 227 gratia
728 202 738 212 .
747 176 857 226 quodsi
865 177 948 212 locus
955 177 996 211 ad
1002 176 1087 211 millae
1100 176 1262 223 paffitssex
1267 179 1359 224 pedes
1383 176 1574 213 declinauerit
1583 200 1593 216 ,
1603 179 1725 226 rapidus
1741 189 1824 225 aquae
1836 179 1938 221 cursus

178 230 299 274 finita,
308 238 344 268 ut
350 227 476 265 nauibus
476 229 520 276 fit
526 230 738 266 incommodus,
748 231 788 267 Θ
794 225 942 275 periculo.
952 225 1199 264 Declinationenu
1210 231 1252 266 ώ-
1262 227 1360 262 deuex
1366 227 1390 261 it
1394 235 1475 262 atem
1483 226 1567 262 aluei
1571 226 1638 275 pila
1646 226 1798 272 infiaelcum
1809 226 1934 272 immiffit

179 919 183 925 '
223 919 248 951 C
272 919 303 950 H
327 919 353 951 0
377 919 415 959 R
430 919 454 950 O
479 920 504 949 B
516 918 557 949 ,A
582 919 607 949 T
631 917 656 947 E
679 917 712 947 ς.
758 910 891 959 probant
902 912 1042 958 imperiti,
1053 909 1146 959 quaefi
1153 910 1312 948 decurrat,
1321 909 1465 945 decliuem
1477 909 1576 945 locum
1590 909 1649 952 esse
1666 909 1860 946 arbitrantur
1870 937 1880 948 .

765 967 908 996 Caeterum
917 961 978 995 alia
987 963 1065 995 ratio
1075 959 1112 1002 est
1120 961 1367 1006 peritorum‚nam
1379 961 1415 1006 ijs
1423 968 1551 994 utuntur
1559 960 1775 997 instrumentis,
1784 972 1847 1007 quai
1857 963 1917 997 Vi-

770 1019 832 1044 tru.
841 1011 1077 1047 connumerauit‚
1089 1020 1151 1056 quae
1159 1011 1257 1043 omnia
1268 1008 1376 1054 angulo
1386 1010 1466 1043 recto
1471 1007 1616 1050 finiuntur
1623 1032 1633 1046 ,
1641 1008 1689 1048 (ed
1696 1008 1826 1044 alterum
1833 1011 1913 1045 alte-

574 1063 623 1084 Q
648 1065 660 1069 ““
772 1070 806 1092 νο
815 1060 924 1093 certius
930 1057 980 1100 esi.
1004 1059 1151 1104 Qamuis
1159 1069 1229 1091 uero
1231 1057 1400 1101 secretioris
1410 1059 1552 1103 indaginis
1559 1070 1610 1091 ars
1617 1056 1750 1092 librandi
1752 1056 1795 1101 fit
1806 1083 1815 1097 ,
1827 1059 1920 1105 qna'm

101 1099 149 1128 ²⁰
233 1091 248 1126 5
284 1091 377 1127 -
504 1115 533 1148 (⁴
558 1099 637 1174 ῩΧῙἾ
772 1109 857 1141 modo
866 1106 1018 1154 explicare
1024 1107 1139 1153 possirn‚
1147 1115 1247 1140 tamen
1254 1117 1311 1140 non
1315 1108 1541 1153 praetermittam
1549 1117 1611 1154 qux
1618 1107 1658 1141 ad
1666 1106 1919 1154 ufitmspel't'abut.

773 1161 869 1190 Locus
875 1168 934 1203 quo
941 1156 1073 1190 ducenda
1081 1155 1127 1189 eft
1134 1163 1283 1202 aqua‚aut
1291 1156 1399 1189 intuitu
1406 1154 1445 1190 ab
1454 1166 1537 1202 aqua
1545 1157 1642 1202 capite
1652 1164 1800 1193 cernetur,
1811 1166 1866 1191 aut
1874 1159 1923 1192 in-

773 1207 944 1251 tercipietur
953 1205 1105 1240 montium,
1115 1203 1164 1237 uel
1172 1203 1358 1246 aedificiorum
1366 1203 1483 1238 obieft'u
1494 1229 1503 1238 .
1529 1206 1561 1238 Si
1567 1206 1675 1238 intueri
1686 1215 1752 1238 eum
1758 1205 1920 1251 poffiaemus,

773 1262 828 1287 aut
831 1253 969 1300 planum,
974 1262 1030 1300 per
1038 1253 1119 1300 quod
1126 1253 1257 1287 ducenda
1265 1253 1310 1287 est
1316 1251 1629 1300 aqua‚aequabiliterse
1637 1251 1772 1290 babebit,
1784 1264 1838 1288 aut
1849 1257 1878 1289 in
1888 1264 1924 1289 tu

765 1301 868 1336 mulos
876 1302 1005 1348 insurget
1013 1324 1023 1339 ‚
1033 1300 1182 1347 utriufique
1189 1303 1236 1335 rei
1242 1303 1321 1336 ratio
1331 1301 1468 1336 habenda
1490 1301 1529 1343 esi
1537 1323 1547 1339 ‚
1556 1303 1586 1335 in
1603 1300 1782 1336 libramento
1802 1305 1924 1341 montis,

773 1350 824 1385 uel
833 1352 931 1398 rupis,
940 1349 989 1385 uel
995 1348 1303 1397 aedifict'q';quodpostea
1318 1348 1478 1398 explicabo
1490 1375 1499 1384 .
1518 1352 1549 1385 Si
1557 1362 1627 1384 uero
1636 1351 1716 1384 cerni
1745 1361 1802 1385 non
1809 1350 1903 1398 potest
1916 1374 1931 1389 ‚

772 1398 889 1433 obieef't'u
899 1400 1085 1447 aliquo‚tunc
1093 1407 1225 1433 tetrante
1233 1410 1301 1433 cum
1310 1401 1434 1447 dioptris
1441 1401 1553 1434 utimur
1563 1398 1620 1433 boc
1629 1400 1729 1434 modo.
1740 1405 1827 1434 Pone
1838 1401 1879 1434 ad
1887 1412 1925 1435 ca

769 1457 829 1495 put
836 1460 930 1495 aquae,
935 1448 965 1493 fi
965 1449 1036 1492 fons
1038 1448 1146 1492 fuerit,
1155 1446 1203 1481 uel
1210 1449 1250 1482 ad
1256 1448 1342 1482 incile
1351 1457 1512 1482 tetrantem
1519 1470 1529 1486 ‚
1539 1449 1583 1481 ita
1593 1456 1627 1481 ut
1631 1448 1874 1495 perpendiculum
1885 1450 1926 1483 ad

772 1496 880 1531 lineam
890 1496 993 1532 lateris
1000 1499 1072 1534 eius,
1081 1497 1160 1544 quod
1169 1498 1198 1530 in
1206 1496 1395 1543 horizontem
1404 1498 1495 1534 cadit,
1502 1496 1617 1543 praecise
1625 1497 1741 1543 aequatu
1751 1499 1856 1535 cadat,
1865 1507 1926 1545 per

770 1545 920 1594 pinnulas,
929 1555 982 1581 aut
991 1548 1140 1593 dioptram
1146 1545 1275 1592 prospice
1285 1567 1295 1583 ‚
1306 1551 1347 1585 ὠν
1357 1545 1425 1580 locu
1440 1545 1570 1593 aliquem
1573 1544 1692 1591 signato
1700 1547 1728 1578 in
1738 1556 1839 1581 monte
1849 1569 1858 1584 ,
1869 1555 1926 1581 aut

772 1597 804 1628 in
811 1604 883 1642 rupe
892 1594 1019 1633 obieft'a,
1028 1596 1080 1640 qui
1083 1595 1179 1638 fontis
1188 1596 1281 1641 capiti
1284 1596 1353 1641 pari
1365 1593 1545 1629 libramento
1554 1595 1722 1640 respondeat
1731 1619 1741 1628 .
1754 1596 1794 1629 acl
1802 1606 1869 1629 eum
1881 1594 1930 1629 lo·

772 1655 840 1678 cum
845 1642 943 1691 postea
950 1644 1058 1678 accede
1065 1666 1074 1681 ‚
1085 1648 1125 1683 &⁴
1134 1644 1236 1677 eodem
1243 1644 1329 1677 modo
1339 1644 1485 1678 collocato
1495 1652 1626 1677 tetrante
1634 1642 1727 1677 alium
1737 1643 1837 1678 locum
1847 1656 1927 1692 quae·

771 1693 878 1729 ras,ad
883 1704 973 1740 quem
982 1693 1142 1738 aspiciendo
1146 1701 1203 1738 per
1207 1691 1351 1738 pinnulas
1358 1714 1369 1730 ,
1372 1691 1490 1738 signum
1506 1691 1590 1726 aliud
1597 1703 1678 1739 aeque
1685 1690 1800 1727 librati?
1807 1691 1926 1736 facim,

773 1743 816 1774 ita
824 1743 901 1774 enim
909 1753 929 1775 a
932 1740 1064 1788 paribus
1071 1738 1261 1774 libramentis
1270 1742 1308 1776 ad
1317 1740 1429 1784 diuersa
1437 1740 1505 1783 locst
1511 1742 1636 1782 'accedes
1643 1763 1653 1778 ,
1664 1741 1756 1775 donec
1775 1750 1806 1776 te
1818 1741 1907 1783 conlii
1913 1763 1927 1770 -

777 1797 850 1823 tum
859 1791 888 1823 in
897 1801 931 1824 eo
941 1788 1019 1826 loco,
1033 1801 1052 1822 a
1061 1800 1118 1835 quo
1125 1789 1298 1835 prospicere,
1310 1796 1350 1829 &
1359 1792 1468 1824 intueri
1472 1784 1563 1836 possis
1571 1787 1723 1827 locum,ad
1730 1801 1818 1837 quem
1829 1792 1924 1825 ducen

772 1838 841 1872 dam
851 1849 961 1886 aquam
965 1835 1136 1885 sumpseris.
1148 1837 1253 1881 ‘Posito
1262 1839 1354 1883 igitur
1361 1847 1492 1873 tetrante
1500 1850 1533 1872 eo
1542 1840 1706 1886 modo‚quo
1707 1837 1801 1885 supra
1807 1848 1866 1886 per
1870 1842 1924 1886 pin

770 1886 861 1921 nulas
870 1909 879 1924 ,
892 1888 990 1921 uideto
1000 1886 1108 1923 locum,
1117 1886 1157 1919 ad
1165 1897 1252 1933 quem
1261 1888 1368 1921 ducere
1375 1899 1485 1934 aquam
1493 1886 1587 1921 uoles.
1601 1885 1722 1932 Qodsi
1727 1889 1925 1934 perpendicu-

769 1933 832 1968 lum
835 1935 891 1977 filo
900 1934 1054 1982 appenfiim
1062 1936 1153 1968 eidem
1162 1935 1243 1969 linea
1251 1958 1261 1972 ‚
1272 1938 1321 1969 cui
1326 1938 1415 1983 prius·
1425 1958 1435 1974 ‚
1447 1937 1597 1972 adiaceat‚
1601 1936 1679 1979 scito
1689 1948 1708 1969 a
1716 1938 1816 1982 capite
1828 1938 1928 1981 fontis

769 1986 811 2018 ad
818 1983 994 2028 emissarium
1004 1987 1023 2029 (
1032 1985 1075 2017 ita
1084 1986 1161 2017 enirn
1170 1983 1268 2017 locum
1276 1996 1361 2022 uoco,
1371 1985 1411 2018 ad
1419 1996 1506 2032 quem
1515 1986 1647 2019 ducenda
1657 1985 1702 2018 eft
1717 1995 1798 2030 aqua
1805 1986 1824 2028 )
1835 1988 1926 2033 aequi-

771 2031 949 2068 libratatam
959 2031 1014 2076 esse
1021 2031 1208 2066 altitudinem
1217 2057 1227 2066 .
1253 2034 1343 2077 Qod
1346 2032 1375 2078 fi
1379 2032 1468 2075 filum
1478 2036 1557 2067 intra
1569 2041 1731 2067 tetrantem
1740 2034 1865 2072 incidat,
1875 2036 1925 2069 de-

766 2082 894 2129 preffim
903 2084 960 2116 erit
967 2080 1154 2125 emiffizrium,
1165 2093 1255 2129 quam
1257 2083 1339 2126 fons,
1349 2081 1398 2116 uel
1404 2081 1501 2119 imile,
1512 2087 1554 2121 ά*
1562 2093 1643 2128 aqua
1652 2083 1802 2116 commode
1809 2084 1923 2130 perdu-

769 2139 856 2166 cetur
865 2156 874 2165 .
890 2132 922 2165 Si
929 2142 1000 2164 uero
1009 2138 1098 2164 extra
1110 2139 1273 2165 teti-antem
1281 2129 1359 2164 linea
1363 2130 1567 2177 perpendiculi
1575 2131 1677 2168 cadat,
1675 2131 1752 2174 scito
1762 2143 1874 2179 aquam
1887 2133 1926 2167 ηδ’

767 2179 847 2227 poffi’
859 2181 925 2214 duci
934 2201 944 2217 ,
955 2181 1094 2226 quoniam
1101 2178 1197 2213 altius
1215 2181 1273 2213 erit
1289 2178 1466 2222 emiffizrium
1474 2202 1484 2217 ‚
1495 2191 1576 2226 aqua
1584 2191 1655 2213 uero
1677 2179 1760 2214 ultra
1781 2183 1924 2227 originem

764 2229 851 2274 fitam
858 2230 967 2274 urgeri,
978 2234 1018 2267 &-
1026 2229 1092 2273 cogi
1101 2239 1159 2261 non
1164 2226 1338 2274 potesl‚ideli
1343 2226 1503 2274 sitasponte
1511 2227 1789 2274 altimborigiiiefita
1799 2241 1858 2263 non
1869 2241 1924 2265 ex-

777 2287 863 2324 urget
875 2302 883 2311 .
918 2278 1007 2322 Qod
1014 2285 1116 2311 autem
1126 2278 1200 2314 dixi,
1205 2276 1349 2323 superiori
1357 2277 1548 2324 descriptione
1555 2280 1612 2311 erit
1624 2286 1774 2323 apertum.
1802 2277 1866 2313 Vbi
1889 2285 1926 2313 Β.

765 2325 865 2371 fontis
875 2325 912 2367 esi
929 2335 1020 2372 caput
1032 2347 1042 2362 ‚
1068 2331 1091 2359 B
1119 2331 1152 2360 C.
1175 2327 1274 2372 prima
1283 2325 1415 2371 inspectio
1426 2351 1436 2360 .
1463 2340 1491 2361 c.
1518 2327 1547 2360 d.
1567 2326 1771 2374 fiecundapoft
1781 2336 1924 2368 montem,-

771 2387 833 2423 quae
838 2374 930 2422 plana
940 2373 987 2416 esi,
997 2373 1067 2408 licet
1076 2375 1214 2408 uideatur
1224 2376 1253 2407 in
1262 2373 1453 2422 deseriptione
1462 2375 1618 2418 afiendere
1641 2382 1682 2410 D.
1711 2386 1737 2410 e.
1769 2378 1860 2410 tertia
1871 2378 1926 2408 in-

765 2425 875 2471 speetio
883 2436 902 2457 a
911 2435 971 2470 qua
981 2435 1038 2457 non
1043 2423 1143 2470 potest
1152 2434 1232 2468 aqua
1235 2423 1360 2470 perduci
1365 2446 1375 2461 ‚
1387 2426 1526 2471 quoniam
1529 2424 1650 2470 signum
1685 2436 1710 2459 e.
1738 2424 1830 2459 altius
1839 2423 1924 2468 efisi-

767 2485 829 2520 gno
854 2479 894 2507 D.
915 2471 968 2515 sed
991 2473 1011 2506 d
1029 2473 1058 2516 f.
1083 2480 1193 2519 quarta
1203 2471 1336 2518 inspectio
1345 2469 1383 2514 est
1392 2495 1401 2510 ,
1413 2479 1454 2513 &
1462 2473 1569 2519 afigno
1594 2474 1625 2507 d.
1651 2476 1691 2508 ad
1709 2475 1738 2518 fi
1765 2475 1832 2508 duci
1841 2485 1922 2520 aqua

769 2520 876 2570 potest,
886 2523 1025 2569 quoniam
1044 2521 1074 2565 f.
1100 2520 1220 2564 inferius
1230 2521 1275 2555 eft
1284 2543 1294 2558 ‚
1306 2526 1347 2560 (9⁹
1355 2521 1510 2568 depreffius
1535 2524 1564 2556 d.
1591 2523 1684 2567 igitur
1709 2522 1741 2557 b.
1753 2567 1755 2570 ι
1761 2534 1796 2567 g.
1818 2522 1856 2565 fi:
1875 2523 1921 2557 eft

773 2582 857 2617 aquae
861 2570 1013 2617 perduttio
1024 2594 1033 2603 .
1043 2570 1169 2614 Qando
1175 2570 1270 2613 igitur
1278 2569 1452 2617 emissarium
1458 2583 1478 2605 a
1482 2572 1568 2614 fonte
1576 2573 1669 2604 uideri
1683 2583 1701 2604 n
1705 2583 1740 2604 on
1746 2571 1847 2617 potest
1857 2592 1866 2608 ‚
1877 2572 1923 2604 ita

775 2618 945 2653 librandum
954 2617 992 2660 est
1002 2643 1011 2652 .
1037 2620 1067 2652 Si
1075 2629 1145 2651 uero
1154 2626 1281 2664 uterque
1289 2620 1431 2654 terminus
1440 2618 1598 2656 uidebitur,
1607 2627 1663 2652 aut
1681 2617 1807 2653 modicis
1825 2621 1920 2653 inter-

774 2668 861 2703 uallis
868 2670 897 2701 in
911 2665 1046 2702 librando
1048 2665 1137 2711 signa
1144 2668 1278 2712 ponimus
1287 2688 1297 2703 ‚
1306 2676 1361 2701 aut
1373 2666 1557 2713 longioribus
1566 2667 1607 2710 ‚fi
1615 2669 1738 2701 modicis
1755 2668 1835 2701 certe*
1852 2665 1920 2708 fiet,

774 2726 809 2751 ut
816 2718 911 2750 minus
919 2729 938 2750 a
942 2715 1027 2760 flexo
1037 2724 1121 2749 terrae
1129 2714 1245 2749 ambitu
1256 2716 1375 2749 direttio
1383 2714 1520 2759 abscedat
1530 2741 1539 2749 .
1565 2718 1633 2762 Qo
1642 2723 1744 2749 autem
1749 2716 1922 2761 spatiafue-

207 2769 218 2805 ἡ
773 2767 834 2799 rint
842 2766 956 2798 maiora
974 2775 1007 2798 eo
1016 2763 1209 2807 circumflexu
1222 2772 1306 2797 terrae
1313 2777 1332 2798 a
1342 2764 1423 2798 retia
1430 2763 1512 2798 librae
1520 2764 1597 2798 linea
1607 2764 1749 2798 decliuius
1765 2763 1820 2807 effi:
1837 2765 1920 2797 inue-

304 2838 307 2843 ,
355 2806 513 2878 Q&
691 2827 705 2850 x
776 2816 883 2848 nietur.
893 2825 986 2860 quare
992 2814 1021 2846 in
1028 2812 1079 2847 hus
1089 2811 1297 2855 obstruandum
1305 2812 1355 2854 esi,
1363 2821 1398 2846 ut
1406 2815 1435 2846 in
1445 2812 1680 2854 ot't'onosstadios
1688 2835 1698 2850 ,
1712 2814 1811 2847 decem
1819 2813 1858 2846 ad
1864 2814 1921 2847 mi.-

254 2863 262 2899 Q
355 2842 389 2876 §X
435 2866 442 2875 ⁸
774 2874 830 2896 nus
836 2863 943 2907 digitos
950 2860 1088 2896 declines.
1114 2863 1146 2895 Si
1154 2860 1323 2903 uerofivlum
1332 2872 1389 2895 non
1397 2863 1511 2895 omnino
1520 2860 1820 2908 aequabilefuerit‚sed
1827 2863 1920 2895 inter-

265 2924 348 2967 -
461 2912 493 2943 d
547 2923 561 2937 ο
768 2911 872 2956 fiaerget
880 2919 966 2944 terrae
973 2909 1116 2948 tumulus,
1127 2918 1199 2943 tunc
1208 2909 1356 2956 oportebit
1365 2918 1449 2944 terrae
1456 2908 1645 2944 altitudinem
1654 2914 1688 2944 ut
1694 2913 1822 2956 primuni
1829 2922 1848 2943 a
1858 2921 1920 2944 ca·-

773 2962 847 3007 pite‚
859 2964 899 2998 &⁸
907 2957 947 2992 ab
954 2957 1046 2995 incili,
1050 2957 1149 3005 postea
1157 2957 1197 2992 ab
1206 2957 1360 3002 emissario,
1373 2964 1414 2998 &⁴
1421 2959 1546 2992 termino
1553 2960 1696 2996 metiaris,
1706 2960 1750 2993 ita
1758 2955 1835 2993 enim
1845 2970 1919 2992 cer<

774 3010 835 3043 tior
845 3006 903 3049 fies
910 3029 920 3044 ‚
933 3015 1079 3054 quantum
1094 3007 1222 3052 infiirget
1229 3015 1311 3041 terra
1325 3005 1498 3054 interposita
1507 3029 1516 3044 ‚
1526 3019 1596 3041 nam
1607 3007 1637 3051 si
1653 3007 1753 3042 libella
1769 3017 1824 3041 aut
1839 3017 1918 3040 nor-

90 3060 139 3094 60
170 3068 224 3093 ma
239 3059 336 3094 utaris
349 3059 497 3107 duplicem
508 3058 618 3096 lineam
632 3056 848 3105 considerabis,
865 3056 1013 3096 aiteram,
1030 3058 1253 3104 quam-radium
1277 3056 1391 3104 appello
1407 3054 1448 3098 ab
1466 3054 1552 3092 oculo
1563 3056 1721 3105 spectantis
1740 3057 1862 3091 dullum
1878 3055 1918 3089 ad

1817 3113 1924 3153 parem

97 1593 143 1630 30

90 2087 165 2125 4⁰⁴

531 1227 556 1259 Ξ

530 1261 555 1289 Ξ

528 1316 553 1354 Ξ

524 1399 549 1435 Ξ

523 1436 550 1454 ,ξ

521 1467 547 1505 Ξ

519 1531 546 1552 Ξ

519 1553 543 1589 Ξ

517 1626 542 1655 Ξ

517 1656 540 1691 Ξ

515 1712 539 1752 Ξ

514 1753 537 1792 Ξ

513 1801 537 1808 -

513 1835 537 1854 Ξ

512 1862 536 1882 Ξ

510 1925 535 1963 Ξ

508 1983 533 2012 Ξ

508 2013 533 2025 =

508 2040 534 2063 ἐ

507 2064 532 2086 Ξ

504 2150 529 2179 Ξ

502 2267 526 2279 ⁸

501 2318 524 2343 Ξ

501 2372 523 2397 ’Ξ

502 2452 522 2481 Ξ

500 2546 521 2568 Ξ

498 2569 519 2608 Ξ

495 2716 517 2738 ’Ξ

495 2740 516 2769 Ξ
