2241 3318
805 143 1064 175 ocra
1112 145 1351 177 uass
1833 143 1896 184 κός

211 213 333 252 Tribulis
340 213 483 249 testaceis
495 217 609 249 minore
613 214 736 261 sumptu
745 226 826 261 aqua
834 215 964 248 ducitur.
975 215 1047 259 Qa
1055 215 1189 257 menfiera
1207 226 1308 248 eorum
1317 237 1327 253 ‚
1338 225 1439 262 quaeue
1442 215 1545 258 forma
1555 219 1596 254 &⁶
1603 214 1707 248 modus
1715 237 1725 253 ,
1740 224 1799 260 quo
1809 224 1899 259 coag-

161 273 320 301 mentatur,
330 264 567 307 considerandum
577 262 614 305 est
624 288 634 297 .
659 263 801 305 Menfitra
810 262 848 302 eli
857 271 891 296 ut
899 263 1054 306 crassifint
1064 273 1121 295 non
1131 264 1228 296 minus
1237 264 1397 308 digitorum
1409 265 1546 300 duorum,
1557 263 1738 308 longitudine
1747 263 1899 299 mediocri,

156 316 257 360 fhrma
267 335 276 350 ,
286 321 320 345 ut
323 312 383 356 fint
393 311 532 358 lingulati
541 335 551 350 ‚
562 317 602 352 ὠ·
613 323 652 346 ex
660 322 718 344 una
723 320 814 358 parte
829 313 990 345 reddantur
1005 310 1117 356 angusti
1124 333 1134 347 ‚
1145 320 1179 345 ut
1184 310 1279 358 palmi
1282 312 1377 356 spatio
1395 323 1507 345 unusin
1523 312 1655 345 alterum
1670 312 1757 357 possit
1766 313 1878 344 intrare
1886 332 1898 348 ,

161 361 326 397 lembellum
335 362 428 396 nostri
437 372 502 395 eam
508 361 640 404 formam
650 368 761 394 uocant
769 375 781 399 ;
792 361 896 393 modus
904 381 915 395 ,
924 372 982 405 quo
992 367 1250 405 coagmentantur,
1261 360 1305 393 est
1318 368 1352 392 ut
1361 360 1443 393 calce
1452 362 1521 393 uiua
1531 371 1570 394 ex
1578 359 1641 393 oleo
1645 359 1671 402 s
1663 358 1771 393 ulmeta
1781 359 1898 392 illinan-

160 409 298 447 tur‚calx
306 411 382 443 enim
389 421 405 443 e
407 410 533 453 fornace
549 411 577 443 in
589 408 672 443 cellis
689 409 813 452 uinariis
821 406 1007 453 restinguitur
1015 430 1025 445 ,
1035 409 1135 442 deinde
1144 407 1207 441 oleo
1225 416 1380 441 macerata
1391 407 1558 451 &fitbaeia
1573 417 1722 453 unguntur
1729 406 1845 445 tubuli,
1856 412 1898 446 &-

150 460 253 493 *etiam
264 457 353 492 aeneis·
364 457 489 492 nexibus
496 456 707 503 alligabuntur.
735 458 790 490 Sed
798 455 901 503 antelli,-
910 458 940 489 in
950 458 987 502 ijs
997 467 1079 503 aquae
1096 456 1195 499 cursus
1209 457 1389 489 admittatur
1398 479 1406 492 ‚
1417 458 1489 490 cinis
1501 458 1599 501 inqua
1616 457 1813 490 extint‘iorum
1822 468 1900 490 car-

161 505 241 542 bonu
258 506 387 553 reliquia
390 505 555 552 supersunt,
561 516 617 552 per
628 517 677 539 eos
685 506 781 538 mixto
792 507 900 551 exiguo
910 504 1023 551 liquore
1032 506 1182 542 decurrat,
1194 513 1228 538 ut
1231 503 1380 549 glutinari
1383 506 1484 550 possit,
1487 503 1515 547 fi
1523 504 1655 550 quafitnt
1663 506 1737 537 uitia
1746 504 1900 539 tubuloru.

161 557 312 600 Qoniam
320 566 390 588 uero
399 556 428 588 iu
445 566 481 588 ea
492 566 576 600 aqua·
592 554 728 588 diutione
745 555 835 587 etiam
845 553 978 596 decurfiis
994 551 1050 595 eft,
1060 559 1101 592 &⁴
1120 562 1241 590 uenter,
1253 558 1293 591 &⁸
1302 552 1453 598 expreffiis
1462 575 1473 589 ‚
1485 558 1525 590 Θ
1541 553 1739 586 εἰνσιιηάιιέῖίο
1751 569 1760 593 ,-
1771 555 1901 587 maxime

161 604 376 638 aduertendum
386 601 424 643 esi
439 604 468 636 in
490 602 540 636 his
550 601 694 639 omnibus,
705 613 762 647 quo
771 604 856 636 modo
867 600 965 635 tubuli
971 610 1214 648 coagmententur
1223 624 1232 639 ‚
1243 606 1284 640 (φ
1292 601 1449 646 alligentur
1457 623 1467 637 ‚
1479 612 1548 634 nam
1557 609 1643 634 tanta
1652 601 1696 634 es'i
1704 612 1785 646 aquae
1796 603 1841 635 uis
1851 624 1859 638 ‚
1869 610 1902 634 ut

165 651 217 696 mfi
224 649 530 699 prouideatur‚tul7uli
538 651 717 686 extollentur
726 673 735 688 ‚
745 651 794 684 uel
801 650 1028 696 difincmpentur.
1055 648 1165 685 Tubuli
1172 652 1263 696 igitur
1270 647 1559 695 coagmentabuntur
1567 660 1600 682 eo
1610 649 1694 682 modo
1704 670 1714 684 ‚
1726 660 1783 694 quo
1793 649 1903 683 ditium

164 699 202 742 esi
213 700 278 744 :fied
285 698 384 747 postea
390 701 551 747 ponderum
568 701 660 745 graui
669 699 909 733 accumulatione
912 698 1115 741 firmabuntur
1121 699 1282 746 prasertim
1291 700 1320 731 in
1337 696 1507 742 decurfibus
1516 720 1525 735 ‚
1529 696 1664 743 flexibus
1673 719 1683 734 ,
1695 702 1735 735 ξφ
1745 699 1902 743 expressio-

164 749 262 783 nibus.
288 751 323 786 Id
333 747 500 795 periculum
510 757 544 782 ut
552 751 699 782 euitarent
704 750 795 795 pei-iti
805 770 814 784 ‚
825 750 954 782 maxime
963 750 993 781 in
1002 747 1151 794 geniculus
1161 747 1259 794 lapide
1271 745 1362 781 rubro
1368 747 1521 793 perforato
1538 743 1757 782 utebantur‚ita
1766 755 1800 779 ut
1809 747 1902 779 uideri

161 799 269 845 possint
278 799 307 830 in
316 798 447 844 antiquis
454 799 648 831 monumentis
657 808 808 830 marmora
821 797 890 843 plus
899 798 1046 831 duodenos
1060 799 1150 843 pedes
1159 795 1248 842 longa
1260 796 1416 842 perforata
1425 797 1464 829 ad
1477 795 1571 842 palmi
1586 793 1772 828 latitudinem
1783 818 1792 832 ,
1803 806 1864 840 qua
1873 797 1903 828 in

164 844 344 889 decurfibus‚
353 851 512 884 uentrem&-
523 844 754 892 expressionibus
762 843 990 880 collocabantur
999 847 1028 878 in
1036 844 1169 888 hissaxis
1179 844 1327 879 harebant
1336 842 1489 883 tubuii‚&
1499 846 1606 891 optime
1615 841 1904 888 coagmentabantur

164 897 193 929 in
196 894 342 940 geniculis
350 903 404 928 aut
413 893 549 936 uerfhris,
559 905 627 927 nam
638 900 678 933 &⁴
685 896 736 938 qui
745 894 910 939 nouiffimus
917 893 1039 928 tubulus
1049 896 1079 928 in
1087 893 1207 936 decursu
1216 916 1226 931 ‚
1237 899 1278 933 (φ
1287 895 1338 941 qui
1352 894 1466 939 primus
1476 895 1505 926 in
1516 900 1619 926 uentre
1627 913 1638 929 ‚
1649 897 1690 931 &¹
1706 891 1830 925 ultimus
1838 914 1848 928 ,
1859 896 1901 931 &-

164 946 216 990 qui
222 944 333 990 primus
341 945 370 976 in
378 943 559 989 expressione
569 952 635 977 crat
645 945 675 976 in
685 942 830 990 lapidibus
839 965 848 980 ‚
859 945 911 989 qui
918 945 947 976 in
955 942 1003 976 his
1011 941 1146 977 omnibus
1161 942 1233 976 locis
1238 943 1387 989 perforati
1392 939 1580 989 ponebantur
1587 940 1729 975 herentes
1738 962 1749 978 ,
1760 945 1801 979 φ
1809 952 1902 987 coag-

164 991 486 1039 mentatifirmissimetj,·
493 992 617 1037 alligati,
627 997 667 1031 &-
674 1003 754 1038 aqua
763 990 870 1025 leniter
880 997 1021 1039 &parce
1028 1005 1046 1025 a
1057 993 1156 1038 capite
1165 989 1395 1025 immittebatur.

214 1041 274 1074 HA
283 1053 377 1075 ΒεΝτ
405 1052 510 1074 autem
523 1040 711 1074 tubulorum
722 1040 889 1073 ductiones
900 1053 935 1073 ea
945 1041 1133 1077 commoda,
1143 1040 1281 1087 primum
1293 1041 1325 1073 in
1343 1051 1458 1088 opere,
1468 1038 1558 1086 quod
1578 1038 1599 1073 {i
1617 1037 1708 1086 quod
1726 1037 1839 1072 uitium
1859 1036 1905 1072 fa-

166 1089 252 1123 &um
264 1087 370 1128 fuerit,
383 1089 516 1136 quilibet
527 1088 559 1122 id
573 1087 676 1134 potest
694 1088 833 1122 reficere:
845 1088 976 1136 etiamq3
986 1089 1090 1122 multo
1102 1087 1257 1122 salubrior
1267 1087 1313 1121 est
1322 1101 1358 1121 ex
1377 1088 1495 1122 tubulis
1506 1101 1586 1135 aqua
1597 1100 1692 1135 quam
1705 1099 1760 1135 per
1771 1085 1909 1126 fistulas,

168 1137 256 1185 quod
267 1151 322 1183 per
341 1138 509 1184 plumbum
523 1137 648 1171 uidetur
659 1135 718 1170 effe
742 1137 815 1171 idco
826 1136 938 1172 uitiosa
949 1161 959 1176 ,
970 1136 1060 1184 quod
1070 1150 1105 1171 ex
1116 1150 1155 1171 eo
1166 1135 1282 1171 cerussa
1291 1135 1439 1171 nascitur.
1453 1138 1533 1171 Haec
1543 1148 1650 1170 autem
1664 1137 1780 1170 dicitur
1792 1135 1850 1170 effe
1861 1148 1906 1169 no

167 1199 242 1221 cens
256 1185 623 1232 corporibusliumanis,
637 1186 678 1220 ita
688 1185 708 1219 si
719 1187 810 1232 quod
821 1199 857 1220 ex
875 1199 914 1220 eo
925 1197 1131 1232 procreatur,
1141 1185 1220 1220 idest
1238 1185 1389 1220 uitiosum
1400 1211 1409 1224 ,
1421 1197 1489 1219 non
1508 1183 1551 1219 est
1563 1185 1697 1219 dubium
1716 1185 1793 1232 quin
1803 1183 1908 1227 ipsum

168 1247 300 1282 quoque
311 1248 377 1269 non
391 1234 426 1268 sit
444 1233 566 1269 salubre
575 1260 584 1268 .
613 1235 783 1280 Exemplar
793 1246 896 1268 autem
908 1235 947 1268 ab
958 1234 1133 1269 artificibus
1144 1234 1328 1281 plumbarijs
1343 1234 1506 1281 possumus
1517 1234 1762 1280 accipere,quod
1774 1233 1910 1279 pallori·-

170 1283 232 1317 bus
242 1294 419 1329 occupatos
430 1282 546 1318 habent
565 1284 710 1329 corporis
720 1284 849 1317 colores
861 1309 870 1318 .
882 1284 1036 1330 Namque
1045 1296 1119 1318 cum
1136 1283 1302 1318 fundendo
1314 1282 1483 1330 plumbum
1494 1281 1606 1320 flatus,
1620 1295 1721 1328 uapor
1737 1295 1775 1316 ex
1785 1294 1825 1315 eo
1835 1281 1908 1315 inii-

169 1332 247 1366 dens
267 1332 414 1378 corporis
437 1343 523 1366 artus
533 1357 543 1371 ‚
553 1335 583 1366 &
602 1332 635 1366 in
653 1331 719 1366 dies
736 1344 868 1366 exurens
886 1333 980 1378 eripit
999 1345 1035 1366 ex
1054 1332 1205 1366 membris
1225 1344 1338 1366 eorum
1356 1331 1516 1378 sanguinis
1535 1331 1668 1364 uirtutes
1679 1355 1689 1366 .
1718 1332 1829 1378 Itaque
1848 1330 1910 1363 mi-

168 1380 256 1414 nime
269 1379 379 1415 fistulis
388 1380 546 1427 plumbeis
558 1392 639 1426 aqua
650 1381 723 1415 duci
734 1381 861 1414 uidetur
870 1405 879 1420 ,
889 1381 910 1415 fi
924 1382 1074 1415 uolumus
1084 1393 1154 1415 eam
1167 1381 1281 1415 habere
1299 1380 1456 1416 salubrem
1468 1406 1477 1414 .
1488 1381 1640 1426 Saporem
1652 1391 1783 1426 quoque
1794 1379 1910 1412 melio-

168 1441 236 1463 rem
246 1441 283 1463 ex
302 1429 421 1463 tubulis
431 1426 490 1463 effe
501 1429 707 1476 quotidianus
733 1429 838 1475 potest
848 1430 989 1464 indicare
999 1430 1113 1468 uistus,
1123 1430 1212 1477 quod
1223 1442 1335 1464 omnes
1346 1430 1505 1464 extructas
1524 1441 1598 1462 cum
1609 1427 1747 1462 habeant
1760 1426 1908 1463 uasorum

168 1489 394 1524 argenteorum
408 1477 538 1516 mensas,
547 1489 651 1512 tamen
661 1490 794 1524 propter
804 1476 921 1523 saporis
932 1479 1148 1526 integritatem
1160 1478 1312 1512 fictilibus
1323 1489 1456 1513 utuntur
1465 1502 1475 1514 .

217 1533 288 1561 Hac
300 1525 533 1570 fhcillimasimt,
543 1538 596 1561 nec
606 1525 700 1568 nostra
712 1528 843 1572 indigent
851 1527 1050 1574 explicatione
1060 1552 1068 1561 .
1094 1529 1188 1562 Modo
1196 1529 1236 1561 ad
1245 1527 1372 1575 reliqua.
1820 1560 1822 1563 .

217 1576 237 1607 S
247 1586 256 1612 i
267 1587 289 1608 N
316 1586 423 1609 autem
444 1574 551 1609 fontes
561 1588 629 1609 non
640 1574 728 1614 sunt,
743 1575 827 1609 unde
837 1575 1006 1610 duftiones
1015 1589 1168 1622 aquarum
1180 1575 1348 1614 faciamus,
1359 1574 1479 1610 neceffe
1488 1575 1533 1610 est
1547 1586 1662 1625 puteos
1674 1573 1838 1610 fodere.1n
1850 1587 1911 1621 pu-

94 1625 139 1660 30
172 1634 302 1657 reorum
314 1634 422 1657 autem
435 1622 627 1658 fossionibus
641 1636 710 1658 non
721 1622 765 1658 est
776 1625 1013 1659 contemnenda
1023 1626 1118 1662 ratio,
1133 1623 1182 1658 sed
1192 1625 1392 1659 acuminibus
1403 1648 1413 1663 ,
1424 1625 1583 1673 solertiaq3
1601 1637 1734 1672 magna,
1752 1625 1910 1658 naturales

175 1683 281 1705 rerum
292 1672 430 1705 rationes
439 1671 691 1711 considerandae,
703 1672 793 1719 quod
807 1672 901 1708 habet
912 1675 1014 1707 multa
1024 1673 1141 1720 uariaq3
1154 1673 1275 1707 terrain
1286 1672 1314 1706 se
1335 1686 1449 1720 genera
1464 1699 1472 1708 .
1501 1673 1556 1708 Est
1566 1675 1649 1708 enim
1668 1675 1713 1708 uti
1723 1674 1850 1720 reliquae
1860 1685 1910 1706 res

172 1732 209 1754 ex
220 1731 360 1766 quatuor
369 1721 532 1766 principijs
547 1721 729 1767 ‘composita
741 1743 751 1761 ,
769 1725 801 1755 &
813 1723 953 1767 primum
965 1722 1009 1756 est
1018 1721 1081 1767 ipsa
1101 1734 1225 1755 terrena
1234 1743 1244 1758 ‚
1257 1720 1384 1769 habetq3
1396 1735 1431 1756 ex
1442 1723 1577 1756 humore
1585 1735 1672 1770 aquae
1691 1720 1799 1756 fontes
1808 1744 1818 1759 ‚
1830 1722 1911 1755 item

171 1769 296 1802 calores
307 1769 394 1802 unde
406 1770 500 1802 etiam
513 1768 640 1814 sulphur
650 1791 659 1806 ‚
671 1772 808 1807 alumen,
819 1771 964 1804 bitumen
978 1770 1124 1809 nascitur,
1138 1772 1253 1817 aerisq5
1265 1769 1390 1816 spiritus
1403 1772 1553 1805 immunis
1563 1796 1572 1811 ,
1582 1773 1720 1818 quicum
1732 1782 1844 1817 graues
1854 1781 1910 1816 per.

171 1817 347 1851 interuenia
357 1815 496 1851 fistulosa
509 1828 596 1851 terrae
607 1818 796 1864 perueniunt
809 1819 847 1852 ad
866 1817 1041 1853 fossionem
1061 1831 1232 1865 puteorum
1243 1834 1250 1853 :
1261 1822 1291 1853 &
1309 1820 1354 1853 ibi
1373 1819 1521 1854 homines
1540 1819 1711 1854 offendunt
1732 1819 1909 1858 fodientes,

171 1867 304 1899 naturali
315 1878 433 1911 uapore
447 1866 599 1900 obturant
611 1869 641 1900 in
653 1879 766 1900 corum
777 1866 903 1901 naribus
923 1865 1050 1914 spiritus
1066 1869 1226 1907 animales,
1243 1869 1285 1902 ita
1313 1869 1444 1914 quinon
1457 1868 1671 1903 celeriusinde
1681 1867 1853 1915 effugiunt,
1863 1867 1911 1900 ibi

172 1915 399 1949 interimuntur
410 1939 418 1948 .
446 1916 524 1948 Hoc
537 1926 641 1948 autem
654 1916 771 1962 quibus
783 1915 957 1949 rationibus
969 1928 1134 1954 caueatur,
1148 1916 1187 1950 lic
1205 1917 1263 1950 erit
1274 1916 1454 1953 faciendum
1465 1943 1479 1953 ..
1504 1919 1645 1951 Lucerna
1655 1915 1781 1951 accenla
1790 1916 1909 1951 demit-2

172 1973 275 2000 tatur,
288 1976 357 2011 quae
368 1963 389 1997 si
402 1961 606 2010 permanserit
616 1969 728 1998 ardens
738 1989 747 2002 ,
761 1964 822 1997 sine
835 1959 978 2009 periculo
989 1964 1213 2000 descendetur:
1236 1966 1289 1999 Sin
1301 1977 1409 2000 autern
1428 1967 1579 2013 eripietur
1595 1968 1702 2000 lumen
1721 1967 1752 1999 ui
1770 1966 1910 2011 uaporis,

171 2022 240 2045 tum
251 2010 423 2045 secundum
443 2023 574 2058 puteum
594 2012 703 2046 dextra
722 2025 777 2050 ,ac
789 2013 906 2046 sinistra
921 2013 1127 2048 defodientur
1138 2006 1363 2057 aestuaria,ita'(
1375 2014 1649 2061 quemadmodum
1663 2027 1717 2060 per
1726 2017 1836 2054 nares)
1850 2010 1911 2059 spi-

50 2094 91 2110 φ
171 2061 250 2094 ritus
259 2073 294 2094 ex
306 2061 453 2106 aestuarijs
463 2058 715 2107 dissipabuntur.
745 2062 830 2095 Cum
850 2061 915 2096 haec
926 2061 966 2095 sic
977 2064 1130 2109 explicata
1142 2062 1261 2099 suerint
1272 2089 1281 2101 ,
1294 2068 1325 2098 δε
1338 2064 1377 2097 ad
1397 2077 1512 2111 aquam
1531 2065 1589 2097 erit
1601 2074 1790 2108 peruentum
1805 2086 1814 2101 ,
1833 2073 1912 2096 tunc

97 2118 144 2154 40
172 2121 288 2156 puteus
299 2110 341 2142 ita
351 2109 485 2155 sepiatur
497 2107 651 2143 struetura
663 2122 702 2143 ne
713 2109 906 2144 obturentur
917 2123 1002 2145 uenae
1015 2136 1024 2144 .
1051 2113 1105 2145 Sin
1123 2123 1229 2145 autem
1244 2113 1315 2146 loca
1325 2112 1400 2146 dura
1411 2123 1514 2149 erunt,
1527 2123 1579 2145 aut
1590 2112 1621 2144 in
1633 2112 1733 2145 imum
1745 2123 1832 2145 uenae
1855 2123 1911 2157 pe-

172 2159 258 2191 nitus
268 2169 335 2191 non
345 2156 463 2192 fuerint
474 2183 482 2197 ‚
493 2169 570 2191 tunc
584 2158 712 2206 signinis
725 2160 875 2204 operibus
886 2173 920 2193 cx
933 2159 1031 2200 testis,
1041 2172 1094 2194 aut
1103 2173 1119 2194 a
1130 2159 1343 2207 superioribus
1362 2161 1441 2194 locis
1454 2160 1646 2207 excipiendae
1656 2158 1727 2194 sunt
1748 2160 1860 2207 copia:-
1874 2164 1911 2194 ln

175 2206 307 2253 signinis
324 2218 428 2240 autem
449 2206 599 2253 operibus
609 2210 667 2252 hec
686 2205 756 2241 sunt
777 2206 918 2242 facienda
929 2231 938 2246 ‚
951 2209 995 2242 uti
1012 2222 1103 2243 arena
1123 2211 1263 2255 primum
1281 2207 1444 2255 purissima
1464 2207 1666 2256 asperrimaq3
1686 2219 1813 2255 paretur
1822 2232 1831 2247 ‚
1851 2222 1911 2244 cre-

173 2266 317 2288 mentum
329 2255 366 2289 de
377 2255 457 2290 silice
470 2256 645 2303 frangatur,
658 2268 695 2290 nc
707 2257 835 2303 grauius
847 2257 942 2303 quam
954 2258 1129 2297 librarium,
1144 2258 1210 2291 calx
1221 2270 1316 2304 quam
1329 2257 1603 2292 uehementissima
1614 2258 1770 2291 mortario
1782 2256 1911 2292 miscea-

174 2304 283 2341 tunita
294 2315 327 2338 ut
338 2305 479 2350 quinque
489 2317 591 2351 partes
601 2318 700 2339 arenae
710 2307 748 2338 ad
759 2305 836 2338 duas
855 2307 947 2339 calcis
960 2306 1181 2353 respondeant,
1191 2307 1347 2340 mortario
1359 2318 1552 2340 caementum
1564 2306 1712 2343 addatur,
1722 2318 1761 2340 cx
1773 2319 1813 2340 eo
1827 2307 1910 2353 parie

174 2363 221 2386 tes
232 2353 264 2385 in
276 2350 399 2386 foffaad
413 2353 639 2387 libramentum
651 2354 826 2387 altitudinis
840 2352 950 2388 futnrae
965 2356 1025 2401 dep
1033 2354 1103 2388 reffi
1116 2356 1278 2388 calcentur
1288 2355 1433 2389 ue6libus
1452 2356 1565 2402 ligneis
1583 2354 1706 2389 ferratis
1718 2380 1727 2393 ‚
1740 2355 1912 2401 parietibus

174 2400 302 2435 calcatis
311 2401 344 2435 in
360 2402 467 2434 medio
479 2403 568 2448 quod
580 2403 637 2436 erit
648 2414 809 2436 terrenum
819 2404 1012 2438 exinaniatur
1021 2404 1059 2438 ad
1079 2404 1303 2437 libramentum
1315 2404 1416 2437 imum
1428 2406 1582 2450 parietum
1595 2426 1604 2442 ‚
1616 2408 1645 2438 ἃ
1657 2414 1822 2450 exaequato
1840 2402 1909 2437 solo

174 2463 212 2484 ex
224 2450 338 2483 eodem
351 2452 507 2484 mortario
517 2452 655 2485 calcetur
666 2452 885 2498 pauimentum
897 2452 935 2485 ad
950 2451 1200 2490 crassitudinem,
1212 2465 1281 2498 quae
1295 2451 1469 2487 constituta
1480 2451 1576 2486 fuerit
1586 2477 1593 2484 .
1623 2453 1667 2485 Ea
1686 2464 1792 2486 autern
1809 2453 1879 2485 loca
1890 2452 1911 2486 si

175 2498 327 2545 duplicia,
338 2511 391 2532 aut
404 2499 537 2544 triplicia
549 2498 627 2533 faeta
637 2499 754 2533 fuerint
766 2500 812 2532 uti
833 2501 1105 2546 percolationibus
1115 2513 1204 2548 aquae
1218 2499 1417 2535 transmutari
1429 2500 1549 2547 possint
1560 2525 1568 2539 ‚
1581 2502 1685 2534 multo
1707 2500 1911 2534 salubriorem

174 2547 240 2581 eius
252 2545 341 2581 usum
352 2546 506 2584 efficient,
518 2548 609 2582 limus
620 2550 702 2582 enim
715 2561 787 2582 cum
799 2548 942 2582 babuerit
952 2561 1018 2596 quo
1030 2548 1175 2588 subsidat,
1187 2549 1355 2596 limpidior
1363 2563 1444 2596 aqua
1461 2549 1528 2588 fiet,
1540 2553 1573 2584 δι
1585 2550 1646 2583 sine
1664 2549 1820 2582 odoribus
1831 2561 1911 2583 con-

104 2608 145 2644 5⁰
174 2594 307 2630 seruabit
318 2596 473 2642 saporem,
485 2596 505 2630 si
524 2609 604 2634 non,
614 2596 706 2631 salem
718 2597 792 2631 addi
803 2596 920 2630 neccsse
930 2610 1001 2636 erit,
1013 2602 1042 2633 &
1055 2599 1214 2632 extenuari
1225 2623 1234 2632 .
1263 2598 1347 2642 Quae
1358 2599 1452 2645 potui
1463 2598 1500 2632 de
1517 2611 1604 2644 aquae
1616 2599 1753 2634 uirtute,
1767 2603 1797 2631 ἃ
1810 2599 1912 2630 uarie-

175 2655 252 2684 tate,
262 2645 373 2693 quasq,·
384 2646 497 2679 habeat
511 2647 671 2682 utilitates,
679 2646 795 2692 quibus
805 2646 985 2680 rationibus
997 2648 1142 2684 ducatur,
1153 2651 1182 2681 3<
1195 2647 1350 2692 probetur
1362 2649 1393 2680 in
1405 2647 1466 2680 hoc
1477 2648 1643 2681 uolumine
1653 2645 1756 2691 posui.
1767 2647 1912 2691 Degno-

175 2693 313 2726 monitis
326 2706 403 2727 uero
426 2694 518 2728 rebus
530 2695 827 2742 &horologiorum
840 2694 1057 2729 rationibusin
1068 2693 1210 2742 sequenti
1223 2695 1424 2740 perscribam.

226 2741 381 2788 Duplicem
391 2742 476 2777 nobis
483 2746 622 2790 proponit
631 2746 776 2777 rationem
788 2750 818 2777 V
818 2745 944 2777 itruuius
954 2756 1014 2790 qua
1024 2757 1107 2791 aque
1117 2744 1409 2790 inopiaefiiccuramus
1418 2767 1428 2781 ,
1438 2743 1535 2778 altera
1544 2742 1581 2782 eil
1592 2743 1860 2790 puteorum,altei·a
1869 2744 1913 2777 ci-

174 2792 404 2826 §ternarumffiit
412 2794 485 2824 enim
495 2794 644 2838 quandoq‚·
655 2801 688 2826 ut
696 2804 777 2837 aqua
786 2795 1026 2830 careamusninde
1033 2793 1082 2826 uel
1089 2793 1266 2837 claffem‚uel
1275 2795 1424 2826 exercitus
1433 2804 1681 2838 aq.'iemus,quare
1689 2793 1812 2836 ingenio,
1817 2798 1857 2831 φ
1864 2794 1913 2825 in-

175 2841 289 2874 clusit-:a
298 2842 497 2886 comparandi?
507 2839 544 2882 esi
552 2841 668 2875 auxilii}
677 2843 704 2874 in
710 2842 809 2888 puteis
818 2843 947 2874 maxime
954 2841 1108 2882 fodiendis,
1118 2843 1198 2889 quod
1207 2847 1247 2880 4⁷3-
1257 2839 1427 2883 benesciunt
1435 2842 1574 2874 metallici
1584 2852 1682 2874 omnes
1689 2849 1830 2887 quantum
1839 2841 1914 2875 inest

172 2887 310 2936 periculi,
322 2894 362 2927 (φ
370 2901 390 2922 a
397 2887 530 2934 pestifero
541 2889 638 2923 halitu
647 2912 656 2926 ‚
667 2896 708 2929 &⁴
724 2902 743 2922 a
753 2891 839 2922 ruina
849 2890 941 2922 diruti
956 2891 1074 2926 montis,
1086 2896 1127 2928 esf
1135 2889 1342 2924 collabentium
1350 2888 1491 2926 laterum,
1496 2889 1560 2933 fiue
1565 2898 1682 2936 puteos,
1687 2888 1750 2932 fiue
1759 2888 1911 2923 cuniculos

12 2978 13 2981 Ἴ
176 2939 289 2971 ducant
299 2960 308 2975 ‚
319 2937 376 2971 boc
387 2935 423 2978 esi
426 2936 491 2980 siue
501 2940 530 2971 in
538 2939 735 2984 profundum,
740 2937 804 2981 fiue
813 2939 841 2971 in
851 2937 969 2982 longum
980 2946 1048 2971 eant
1058 2962 1067 2972 .
1096 2945 1231 2984 Vapores
1249 2940 1341 2982 igitur
1358 2937 1430 2972 mali
1438 2949 1471 2970 eo
1487 2940 1689 2984 experimento
1706 2938 1911 2981 noscuntur&

0 2985 16 3023 sl
175 2988 310 3020 nitantur
318 3009 328 3024 ,
343 2988 488 3030 quomodo
499 2988 569 3020 dicit
579 2993 609 3021 V
610 2989 680 3021 itru.
691 2987 850 3030 noscuntur
860 2986 978 3028 accenfiz
987 2986 1107 3021 lucerna
1126 2986 1259 3034 apposita
1268 2988 1296 3018 in
1315 2997 1348 3018 eo
1357 2985 1422 3019 loco
1434 2984 1487 3019 ubi
1502 2988 1668 3020 calcandum
1677 2986 1714 3028 eft
1724 3010 1733 3024 ,
1742 2987 1911 3033 priusquam

0 3033 2 3040 '
177 3036 218 3069 ad
228 3037 331 3069 intima
341 3035 397 3078 defi
406 3037 531 3069 cudatur
541 3050 551 3068 :
559 3036 660 3079 namsi
669 3035 801 3070 extint'ta
820 3046 876 3067 non
879 3034 974 3077 fuerit
982 3057 992 3072 ‚
999 3036 1165 3081 periculum
1174 3047 1229 3069 non
1240 3032 1357 3068 timebis
1367 3056 1376 3070 ,
1387 3046 1454 3068 nam
1463 3037 1582 3080 uaporis
1599 3034 1847 3077 leuitatemfz'zcile
1855 3032 1912 3067 ab-

0 3096 18 3155 ι
102 3092 148 3124 60
168 3083 268 3127 firmet
278 3087 363 3130 ignis.
373 3085 399 3130 si
408 3096 478 3119 uero
487 3086 689 3131 extinguetur,
703 3085 851 3120 cauendus
861 3084 905 3119 eft
914 3086 996 3119 locu<
1020 3096 1104 3118 Quem
1112 3085 1224 3119 spiritus
1233 3083 1365 3126 mortifer
1376 3082 1535 3132 occupabit
1542 3105 1552 3122 ‚
1562 3092 1596 3119 ut
1604 3086 1649 3118 ait
1658 3085 1812 3118 ‘Palladius
1822 3108 1830 3116 .
1858 3088 1888 3116 V
1889 3084 1913 3115 i-

1668 3140 1691 3168 Z
1812 3139 1916 3167 tantur

80 637 133 669 '10

95 1136 138 1158 20
