2241 3318
792 47 1300 91 QVARTVS.
1842 62 1905 96 ¹31

168 126 250 175 phos
260 125 352 160 fiunt,
363 134 452 169 aeque
472 122 587 168 longas
605 118 675 160 effe,
687 118 783 167 quim
795 121 885 160 altas,
896 119 1041 168 contrac‘l;
1051 121 1084 154 in
1093 122 1260 167 angulares
1274 122 1442 156 columnas
1452 123 1605 171 triglyphi
1621 123 1654 158 in
1671 124 1819 158 extremis
1830 129 1905 171 par-

169 178 253 210 tibus
263 169 506 207 constituuntur
516 194 525 210 ,
536 175 568 204 &
578 182 644 204 non
653 180 764 202 contra
777 169 902 203 medios
914 179 1066 204 tetrantes
1078 195 1086 204 .
1118 175 1165 203 Ita
1177 182 1401 217 metopae‚quae
1412 176 1554 217 proxime
1564 173 1601 206 ad
1615 174 1781 219 angulares
1792 175 1905 222 trigly-

169 226 250 272 phos
259 220 340 255 fiunt
349 244 359 258 ‚
371 232 436 253 non
449 229 564 253 exeunt
573 217 796 266 quadratae,sed
807 217 1019 266 oblongiores
1030 218 1195 266 triglyphis
1206 219 1336 253 dimidia
1347 221 1523 254 latitudine.
1532 224 1626 269 Atqui
1644 233 1788 268 metopas
1800 235 1906 270 :equa-

168 274 212 307 les
222 270 336 304 uolunt
348 266 460 306 facere,
470 257 715 302 interc'olumnia
727 277 863 301 extrema
873 267 1066 301 contrahunt
1077 267 1227 314 triglyphi
1239 268 1370 302 dimidia
1381 270 1564 303 altitudine.
1592 271 1671 304 Hoc
1681 283 1785 304 autem
1798 271 1860 305 siue
1871 274 1905 305 in

167 330 369 365 metoparum
381 316 649 364 longitudinibuS,
659 314 720 349 fiue
731 316 1054 350 intercolumniorum
1068 315 1345 350 contractionibus
1356 316 1514 351 efficiatur
1524 343 1534 356 ,
1544 318 1588 352 est
1599 318 1801 355 mendosum.
1813 320 1907 367 Qa-

165 378 299 416 propter
315 366 440 411 antiqui
450 365 566 399 euitare
577 364 631 398 uisi
642 363 757 398 suntin
769 364 887 397 aedibus
915 363 1006 397 sacris
1020 365 1148 398 Doricae
1159 364 1343 410 symmetriae
1355 366 1526 401 rationem.
1845 379 1847 381 ’

214 422 288 452 Cum
297 414 369 450 uelit
377 420 408 449 V
408 416 459 448 itr.
472 416 617 447 rationem
626 414 767 448 Doricam
778 412 947 460 explicare,
965 412 1168 458 difficultatem
1185 415 1331 461 quandam
1348 416 1540 461 antiquorum
1548 416 1799 452 Architeft‘orum
1815 417 1905 454 nohis

162 465 303 514 proponit
313 485 323 502 ,
334 472 368 497 ut
376 461 473 508 magis
484 463 658 496 attentiores
659 460 759 504 fimws
766 463 805 496 ad
813 473 848 495 ea
855 484 866 499 ,
877 473 939 509 qux
947 462 1068 496 dicenda
1067 462 1151 505 sunt.
1186 461 1378 496 Damnabant
1397 465 1524 497 nonnulli
1542 467 1682 499 Doricam
1701 466 1906 509 symmetriam

96 509 110 535 ¹
116 509 138 531 ⁰
167 517 196 548 in
199 512 298 557 sacris
307 510 423 548 adibus,
433 522 489 544 non
499 512 562 544 ideo
571 512 641 557 quia
644 511 745 554 forma
754 509 924 556 displiceret,
934 509 983 544 uel
990 510 1137 552 inuenusia
1146 511 1215 555 estet
1225 511 1290 553 ‚fi’d
1296 512 1433 557 quoniam
1441 512 1665 559 triglyphorum,
1671 509 1906 563 &metoparum

168 561 330 604 distributio
341 559 476 602 mendofit
485 567 567 592 erat.
581 557 748 605 Nosfilpra
758 560 886 593 uidimus
895 558 1061 606 triglyphos
1070 558 1219 605 capitibus
1227 561 1378 604 tignorum
1396 561 1547 606 responder
1552 574 1578 598 e,
1590 571 1724 608 metopas
1732 576 1800 598 uero
1812 568 1905 599 inter-

166 612 266 657 tignus
275 632 285 647 ,
295 617 383 656 parte
391 609 506 656 quidem
513 608 656 641 exteriori
664 628 674 644 ‚
688 618 755 641 nam
763 609 890 642 interius
898 630 908 645 ,
919 613 960 647 εἷς*
968 610 1049 653 tigna
1060 630 1071 646 ‚
1083 608 1288 647 &interualla
1298 609 1445 653 tignorum
1454 608 1610 643 lacunaria
1620 611 1758 644 dicuntur
1767 637 1776 645 .
1795 613 1824 655 fi
1833 624 1905 659 ergo

166 658 310 706 triglyphi
317 659 467 703 tignorum
475 657 585 703 capita,
595 661 635 695 ψ
644 664 766 703 metopae
774 657 928 691 interualla
937 658 1104 694 imitantur,
1114 656 1300 705 consequitur
1307 658 1492 703 impeditione
1509 658 1727 705 triglyphorum
1741 682 1750 697 ,
1761 666 1801 699 (φ
1809 670 1904 695 meto-

164 718 275 757 parum
283 704 496 749 distributiones
504 705 643 752 impedire
651 716 768 752 quoque
781 704 942 748 uniuersam
950 707 1233 750 contignationis,&
1242 706 1308 738 eius
1316 715 1552 741 ornamentorum
1561 709 1704 741 rationem
1715 733 1723 742 .
1758 711 1815 743 Sed
1822 720 1905 757 quo-

165 758 253 791 modo
261 755 439 802 impediatur
444 752 664 800 triglyphorum
672 752 844 795 distributio,
854 755 970 788 uidetur
982 765 1021 788 ex
1031 765 1064 787 eo
1075 776 1086 791 ,
1118 755 1176 788 uod
1186 753 1295 797 necesse
1312 752 1351 796 esi
1357 754 1540 802 triglyphum
1557 758 1663 790 cadere
1671 758 1780 791 direbie
1789 760 1828 792 ad
1842 769 1906 792 me-

166 807 246 839 dium
254 805 371 852 quadrae
379 802 526 840 columna,
536 807 576 841 εἴν
583 810 737 848 metopam
743 811 805 836 tam
815 801 910 836 altam
921 801 984 846 esse,
995 801 1085 850 qudm
1114 814 1230 848 ongam.
1241 814 1309 837 cum
1318 815 1389 836 uero
1397 806 1513 850 antiqui
1522 816 1580 838 non
1588 805 1860 850 animaduertisJent
1867 808 1910 841 ad

165 855 207 891 id,
218 854 296 901 quod
302 850 496 898 triglyphu&
503 859 625 898 metopo
632 852 830 888 imitarentur,
846 849 1034 898 imponebant
1053 853 1084 884 in
1092 853 1233 885 extremis
1248 851 1437 897 angularium
1457 853 1663 888 columnarum
1679 853 1821 901 partibus
1830 877 1840 893 ,
1850 866 1908 889 non

167 911 268 936 autem
278 903 307 935 in
315 899 606 948 medusnriglyphos:
613 911 652 934 ex
663 911 722 946 qua
731 912 762 934 re
771 900 841 933 illud
845 897 953 941 fiebat,
964 900 1045 947 quod
1062 908 1183 946 metopae
1191 901 1340 947 quadrata
1350 912 1407 934 non
1420 910 1515 939 erant,
1521 902 1574 944 sed
1580 901 1719 947 oblonga,
1732 909 1772 942 ξφ
1784 905 1907 939 dimidia

164 949 380 997 triglyphorum
391 948 546 984 latitudine
575 949 765 982 roduttiores.
774 948 836 996 idq;
846 949 902 982 illis
909 946 1077 986 eueniebat,
1090 950 1157 983 dum
1160 947 1311 990 studerent
1326 949 1616 985 intercolumniorum
1635 950 1790 994 distantias
1799 952 1908 995 serua·

164 1011 208 1034 re.
221 992 335 1036 Verum
343 999 393 1045 qui
400 999 430 1031 id
436 958 633 1043 negligebant,
643 1006 801 1043 quarentes
807 1005 906 1030 tamen
915 1005 1048 1044 metopas
1056 996 1208 1044 aqualiter
1217 999 1345 1044 undique
1350 1000 1519 1044 prouenire‚
1530 1011 1585 1033 non
1594 1002 1623 1033 in
1626 999 1724 1042 fiilido
1733 1002 1908 1048 responden-

164 1056 209 1082 tes
219 1045 383 1093 triglyphos
390 1044 588 1083 collocabant,
597 1044 651 1088 sed
657 1044 945 1079 intercolumniorum
946 1045 1045 1091 spatia
1053 1044 1270 1080 contrahebant
1278 1068 1288 1083 ,
1302 1051 1343 1085 (ἐν
1353 1046 1487 1092 caspatia
1497 1049 1541 1081 ita
1556 1048 1692 1091 inseruire
1693 1048 1757 1092 fitis
1773 1061 1906 1084 commo-

165 1098 210 1131 dis
218 1089 372 1133 uolebant,
390 1104 425 1128 ut
434 1095 561 1128 ordinem
570 1093 859 1129 intercolumniorum
868 1092 1171 1142 rahonemffisermre
1179 1096 1297 1128 minime
1305 1094 1418 1141 poffi’nt
1427 1119 1435 1128 .
1447 1094 1664 1131 contrahebant
1680 1109 1749 1142 ergo
1766 1108 1906 1134 extrema

164 1143 389 1179 intercolumnia
397 1144 514 1176 dimidia
522 1141 664 1189 triglyphi
671 1142 826 1177 altitudine
837 1166 847 1182 ‚
857 1151 891 1177 ut
899 1153 983 1189 aequa
993 1144 1121 1189 undique
1129 1153 1246 1190 metopa
1254 1144 1428 1190 proueniret
1436 1166 1446 1180 ,
1456 1143 1508 1186 sed
1515 1144 1572 1179 boc
1592 1146 1759 1188 mendosum
1767 1157 1832 1182 erat
1843 1173 1853 1182 .

164 1195 267 1238 Qare
275 1193 417 1226 Doricum
423 1203 518 1237 genus
535 1189 718 1225 damnabant
728 1213 739 1229 ‚
748 1203 805 1225 non
809 1199 934 1238 propter
940 1193 1116 1226 tenuitatem
1125 1214 1136 1231 ‚
1145 1201 1199 1227 aut
1209 1190 1389 1235 inuenuliam
1400 1192 1600 1239 speciem‚sed
1617 1192 1654 1228 ob
1664 1194 1904 1242 symmetriarum

164 1243 371 1288 impedimenta
381 1265 390 1274 .
399 1242 455 1275 Sed
462 1238 511 1273 his
521 1237 618 1274 omnib
622 1241 805 1287 usprouidet
815 1246 846 1275 V
846 1243 898 1274 itr.

214 1290 273 1324 No
283 1301 296 1323 s
326 1299 432 1323 autem
445 1289 648 1335 exponimus,
659 1288 705 1323 uti
715 1290 798 1323 ordo
809 1288 960 1335 postulat,
970 1289 1247 1337 quemadmodum
1258 1304 1275 1325 a
1285 1288 1535 1338 praeceptoribus
1544 1291 1787 1340 accepimus;uti
1799 1292 1819 1328 fi
1830 1293 1904 1340 quis

162 1339 305 1374 uoluerit
315 1337 360 1372 his
371 1337 549 1371 rationibus
559 1336 780 1375 attendens,ita
792 1338 928 1385 ingredi,
939 1337 1051 1373 habeat
1063 1341 1295 1386 proportiones
1317 1339 1498 1386 explicatas,
1517 1340 1635 1387 quibus
1654 1341 1837 1376 emendatas
1848 1364 1859 1381 ‚
1868 1346 1904 1378 δε

163 1387 227 1423 fine
237 1387 322 1432 uitijs
331 1385 457 1420 efficere
471 1384 571 1431 possit
580 1385 696 1420 aedium
707 1385 860 1420 sacrarum
887 1387 1017 1421 Dorico
1035 1400 1124 1422 more
1133 1387 1358 1435 perfectiones.

212 1436 377 1471 ‘Pollicetur
384 1443 477 1483 aptas
486 1436 591 1469 Dorici
591 1445 713 1481 genem
715 1434 908 1482 symmetrias
917 1435 1038 1480 nobisse
1046 1439 1186 1472 daturum
1202 1439 1304 1473 Vitru.
1319 1445 1359 1477 (9-
1379 1440 1625 1486 quemadmodum
1642 1441 1673 1474 in
1690 1441 1905 1485 Ionicogenere

159 1493 308 1534 pracepta
316 1482 399 1519 nobis
408 1484 487 1518 dedit
488 1483 650 1526 secundum
658 1485 758 1518 adium
760 1485 877 1529 formas
884 1507 894 1523 ,
906 1491 946 1525 &
956 1485 1248 1521 intercolumniorum
1256 1488 1386 1521 rationes
1394 1510 1404 1526 ,
1414 1490 1458 1522 ita
1467 1489 1497 1521 in
1505 1489 1617 1522 Dorico
1626 1490 1713 1522 iuxta
1721 1488 1833 1532 easdem
1835 1488 1905 1531 sen·

92 1526 136 1562 3⁰
163 1535 277 1569 tentiae
287 1533 444 1567 interualla
453 1531 605 1567 distribuit
613 1557 622 1567 .
649 1539 864 1569 Verumtamen
872 1533 920 1577 esi,
930 1536 1009 1582 quod
1017 1534 1180 1578 huiusmodi
1188 1538 1265 1569 ratio
1275 1537 1496 1570 interuallorum
1509 1535 1605 1570 omnis
1614 1538 1734 1571 ducitur
1740 1550 1759 1571 a
1767 1536 1905 1578 distribu-

161 1585 242 1618 tione
249 1581 465 1630 trtjglyphorum
473 1607 482 1616 .
509 1580 733 1627 Qarefizffum
740 1583 785 1617 eft
794 1586 814 1629 (
821 1592 855 1618 ut
855 1584 929 1631 fiepe
944 1582 1021 1617 alia's
1031 1584 1140 1618 ditium
1149 1584 1226 1626 effi)
1236 1593 1269 1618 ut
1273 1594 1329 1631 per
1338 1587 1483 1619 rationem
1498 1584 1716 1632 triglyphorum
1724 1586 1905 1620 intellexerit

161 1632 308 1666 Doricum
309 1642 414 1676 genus.
425 1632 546 1666 Orditur
554 1639 624 1676 ergo
632 1629 860 1673 distributionem
870 1632 1013 1679 Diastyli,
1023 1635 1107 1667 cuius
1115 1633 1339 1667 intercolumnia
1351 1642 1414 1668 tres
1429 1635 1633 1678 crassitudines
1640 1635 1693 1668 imi
1705 1634 1789 1683 scapi
1803 1635 1904 1668 conti-

162 1688 245 1714 nent.
254 1677 418 1715 Distribuit
424 1688 525 1714 autem
543 1679 874 1726 Diastylumsecundum
883 1683 960 1716 duaa·
967 1682 1083 1727 species,
1093 1681 1260 1728 prostylon,
1268 1681 1391 1723 scilicet,
1409 1688 1450 1722 (φ
1458 1682 1707 1729 amphiprostylon
1720 1708 1729 1717 .
1742 1695 1817 1731 quas
1834 1693 1907 1717 uero

163 1726 308 1774 tetrastyli
314 1730 428 1762 nomine
440 1728 586 1774 intelligit.
610 1726 766 1769 Distribuit
776 1741 892 1776 quoque
896 1731 1078 1775 peripteron‚
1088 1741 1178 1776 quam
1187 1728 1351 1778 exaflylum
1362 1739 1452 1766 uocat
1461 1753 1472 1769 ,
1483 1729 1567 1765 nobis
1574 1740 1678 1765 autem
1695 1731 1827 1778 reliquas
1836 1732 1908 1776 for-

163 1787 229 1811 mas
237 1775 404 1818 distribuere
409 1778 568 1823 permittit.

214 1825 316 1859 Frons
326 1825 400 1859 aedis
416 1825 589 1859 Doricaein
598 1825 676 1860 loco
686 1837 754 1872 quo
764 1825 923 1860 columnae
941 1824 1193 1867 constituuntur,
1202 1827 1374 1869 diuidatur,
1386 1828 1408 1864 fi
1426 1827 1605 1875 tetrastylos
1615 1828 1675 1863 erit
1684 1828 1730 1869 ‚in
1743 1838 1845 1875 partes
1857 1828 1907 1863 ui·

165 1873 251 1921 ginti
261 1871 413 1919 septenbfi
424 1871 598 1920 hexastylos
624 1885 682 1918 42.
710 1887 746 1908 ex
755 1875 803 1909 his
820 1886 890 1921 pars
901 1887 963 1909 una
983 1876 1042 1909 erit
1052 1876 1218 1915 modulus,
1229 1878 1283 1924 qui
1294 1878 1411 1912 Graece
1434 1877 1569 1912 embatis
1578 1878 1697 1913 dicitur
1708 1903 1717 1912 .
1733 1878 1824 1912 cuius
1834 1890 1909 1913 mo-

165 1922 232 1956 duli
244 1921 476 1955 constitutione
486 1921 662 1956 rationibus
673 1921 861 1957 efficiuntur
870 1924 976 1957 omnis
986 1925 1091 1970 operis
1108 1923 1359 1959 distributiones.

215 1977 283 2006 Hoc
291 1971 357 2004 loco
366 1972 548 2005 aduertendn
561 1969 599 2013 eft
605 1973 829 2019 maxime,quod
839 1978 880 2012 eff
887 1974 916 2006 in
924 1972 993 2018 alijs
1002 1972 1094 2007 rebus·
1106 1973 1444 2022 nottffiproderit,quod
1451 1978 1591 2024 quanqua
1599 1974 1713 2023 diastyli
1714 1977 1841 2022 speciem
1849 1975 1909 2010 hoc

91 2020 138 2055 40
167 2019 233 2054 loco
241 2018 405 2061 distribuat,
415 2021 510 2066 inqua
518 2021 608 2054 trium
617 2021 829 2054 diametrorum
837 2021 1064 2055 intercolumnia
1073 2023 1258 2057 collocantur
1266 2045 1277 2061 ‚
1288 2032 1388 2058 tamen
1406 2024 1577 2059 distributio
1596 2024 1655 2058 haec
1671 2035 1729 2058 non
1746 2026 1861 2058 omnino
1879 2026 1910 2058 in

167 2070 284 2103 Doricis
292 2068 439 2114 respondet
447 2090 457 2105 ,
467 2079 537 2102 nam
545 2068 768 2103 intercolumnia
770 2069 841 2112 sunt
848 2071 974 2104 duarum
981 2070 1210 2116 craffitudinum,
1220 2074 1360 2110 &trium
1369 2084 1385 2106 e
1405 2081 1536 2120 quatuor
1540 2075 1673 2121 partium
1691 2071 1906 2118 crassitudinis,

167 2128 221 2150 nec
227 2125 385 2163 propterea
394 2116 453 2150 hoc
474 2119 580 2151 uitium
587 2120 753 2164 putandum
763 2117 811 2160 esi.
822 2129 889 2153 nam
899 2121 1003 2153 cumin
1020 2121 1112 2153 tertio
1128 2126 1159 2156 V
1160 2122 1232 2155 itru.
1245 2122 1281 2154 de
1301 2121 1594 2156 intercolumniorum
1611 2123 1726 2156 ratione
1742 2121 1869 2165 differet,
1879 2123 1911 2156 in

169 2163 307 2198 omnibus
318 2165 425 2209 formis
428 2164 600 2212 pycnostyli‚
604 2164 703 2214 fiislyli
712 2189 722 2204 ‚
732 2166 856 2213 diastyli,
867 2169 964 2202 utitur
971 2167 1017 2201 his
1027 2167 1137 2203 uerbis.
1180 2173 1194 2212 {
1206 2171 1356 2215 Interponi
1367 2168 1459 2216 potest
1471 2194 1480 2203 .
1486 2172 1602 2217 poterit
1611 2171 1751 2204 collocari
1760 2195 1769 2204 .
1778 2173 1910 2217 interpo-

169 2224 239 2246 nere
246 2212 392 2260 poffitmus
403 2238 410 2246 .
419 2216 434 2255 }
468 2220 541 2248 Cum
550 2226 621 2249 uero
630 2216 666 2248 de
675 2214 951 2262 eustylisjtmmetria
960 2215 1092 2264 loquitur
1101 2239 1111 2255 ‚
1120 2229 1178 2251 non
1185 2217 1317 2264 amplius
1332 2219 1369 2263 ijs
1384 2220 1479 2252 utitur
1493 2218 1633 2266 loquendi
1645 2218 1743 2253 modis
1750 2242 1760 2257 ,
1765 2219 1818 2263 sed
1825 2228 1911 2253 certa

166 2270 359 2308 praeceptione
367 2263 449 2296 dicit.
487 2268 500 2307 {
508 2264 667 2308 Reddenda
674 2275 750 2298 nunc
759 2263 796 2306 esi
805 2263 904 2312 eustyli
912 2267 1000 2302 ratio,
1012 2277 1076 2313 quae
1084 2268 1215 2300 maxime
1219 2265 1394 2313 probabilis,
1406 2271 1446 2306 &⁴
1455 2268 1495 2301 ad
1502 2268 1584 2310 usum
1596 2290 1606 2306 ‚
1620 2273 1661 2308 &⁴
1668 2269 1708 2302 ad
1712 2269 1838 2315 speciem
1847 2290 1856 2305 ,
1869 2273 1912 2308 ά·

169 2311 211 2343 ad
211 2308 398 2351 firmitatem,
408 2313 540 2346 rationes
547 2311 640 2346 habet
649 2312 831 2359 explicatcos.
840 2325 967 2360 namque
975 2312 1112 2356 facienda
1114 2314 1185 2358 sunt
1193 2317 1222 2348 in
1230 2315 1393 2348 interuallis
1395 2316 1494 2361 spatia
1503 2317 1628 2350 duarum
1649 2316 1912 2355 columnarum&

170 2357 392 2406 quartaepartis
399 2358 535 2394 columna
541 2361 738 2404 craſsitudinis
747 2386 757 2395 .
767 2363 781 2402 }
808 2369 878 2397 Haec
887 2364 961 2400 dixi,
972 2371 1007 2396 ut
1013 2364 1285 2398 animaduertamus
1291 2386 1301 2401 ,
1311 2375 1369 2397 non
1378 2363 1434 2408 effe
1451 2363 1560 2409 necesse
1577 2367 1693 2399 omnino
1702 2367 1827 2400 duarum
1836 2387 1846 2402 ,
1857 2372 1913 2399 aut

170 2408 263 2441 trium
271 2406 477 2442 columnarum
484 2410 641 2444 interualla
644 2409 724 2451 fieri,
730 2410 783 2453 sed
785 2410 862 2453 stitis
869 2410 923 2455 effe
931 2413 1073 2445 terminos
1084 2410 1238 2456 ostendiffie,
1247 2410 1328 2446 ultra
1338 2424 1414 2459 quos
1418 2413 1519 2456 forma
1537 2414 1587 2447 illa
1596 2425 1654 2447 non
1671 2413 1809 2458 consistit.
1822 2420 1914 2448 Cate-

170 2466 238 2489 rum
245 2466 304 2489 non
313 2454 601 2503 &pratereundum
611 2460 690 2505 quod
698 2462 727 2493 in
735 2459 852 2504 augulis
863 2461 984 2494 dimidia
991 2468 1111 2507 metopae
1116 2469 1266 2507 ponuntur
1277 2460 1343 2504 ,sed
1351 2472 1409 2495 non
1429 2464 1545 2496 omnino
1570 2463 1691 2496 dimidiat
1702 2487 1710 2496 .
1722 2473 1790 2496 nam
1806 2468 1837 2498 V
1837 2464 1912 2496 itru.

100 2506 145 2542 5⁰
172 2503 420 2547 cassemimodulo
428 2507 526 2540 metiri
534 2507 621 2541 dixit.
629 2509 769 2542 dimidius
777 2516 878 2542 autem
885 2508 1021 2542 modulus
1030 2507 1067 2550 esi
1076 2511 1166 2543 tertia
1171 2518 1244 2556 pars
1259 2518 1381 2556 metopae
1388 2531 1398 2547 ,
1409 2511 1472 2544 ideo
1482 2512 1622 2544 dicuntur
1625 2509 1780 2558 semitopia
1788 2532 1798 2548 ‚
1809 2520 1913 2557 quem-

173 2553 328 2587 admodum
335 2555 458 2588 dicimus
459 2554 662 2598 semiuocales,
672 2557 886 2601 &semitonos.
895 2568 962 2591 nam
965 2556 1151 2599 semiuocalis
1159 2569 1216 2591 non
1226 2557 1264 2600 esi
1272 2559 1392 2592 dimidia
1402 2557 1527 2596 uocalis,
1536 2571 1590 2592 nec
1591 2558 1752 2601 semitonus
1760 2560 1913 2593 dimidium

174 2602 238 2634 toni
245 2601 366 2647 praecifi;
374 2602 477 2645 sedita
486 2605 679 2651 dicitur,quia
685 2607 763 2640 inter
773 2614 908 2639 extrema
917 2606 1167 2649 collocatur.infta
1175 2618 1245 2641 uero
1247 2605 1487 2653 semitriglyphos
1494 2609 1524 2640 in
1531 2607 1648 2652 augulis
1657 2609 1730 2654 poni
1737 2609 1827 2642 dixit.
1838 2612 1914 2642 Sunt

175 2656 276 2682 autem
284 2650 624 2700 praecisesemitriglyphi,
634 2665 727 2701 quare
737 2659 778 2693 Θ
786 2654 841 2688 hoc
851 2655 891 2688 ad
897 2655 967 2688 illud
968 2655 1055 2698 fecit,
1065 2664 1099 2689 ut
1103 2656 1306 2702 semimetopia
1317 2667 1350 2689 eo
1362 2656 1448 2689 modo
1457 2656 1726 2702 intelligamussquo
1735 2657 1845 2690 dtft'um
1853 2656 1912 2689 est.

176 2701 224 2731 Ex
234 2708 295 2744 qua
302 2709 334 2732 re
342 2701 436 2735 oritur
443 2702 514 2735 illud
518 2703 649 2744 frontem
656 2702 801 2749 tetrastyli
808 2705 836 2736 in
843 2711 946 2749 partes
975 2715 1030 2747 27.
1052 2705 1242 2751 partiendum
1248 2704 1313 2748 effe.
1341 2710 1479 2738 Frontem
1496 2716 1566 2738 uero
1587 2703 1733 2750 hexastyli
1739 2706 1768 2737 in
1778 2705 1913 2752 quadra-

171 2747 261 2791 ginta
269 2746 353 2784 duas,
364 2752 404 2786 Θ·
412 2751 513 2783 eadem
520 2750 624 2797 regula
635 2750 861 2799 venustant&
871 2751 1054 2797 decastylum
1063 2751 1231 2795 distribuere
1239 2751 1395 2799 possemus.
1412 2763 1465 2786 nos
1480 2754 1574 2786 nudos
1581 2752 1757 2799 triglyphos,
1768 2758 1808 2791 (φ
1817 2754 1913 2786 inter·

177 2795 324 2828 columnia
332 2797 362 2828 in
371 2796 558 2844 descriptione
565 2798 622 2834 hoc
629 2798 696 2834 loco
705 2801 925 2835 collocauimus.
952 2794 1003 2836 λ.
1030 2800 1185 2848 Diaftylos
1195 2809 1325 2848 quatuor
1331 2800 1548 2835 columnarum.
1574 2807 1609 2835 Β.
1636 2799 1780 2847 diastylos
1795 2799 1852 2844 sex
1860 2811 1912 2834 co-

177 2841 356 2881 lumnarum,
364 2844 394 2877 id
401 2843 439 2886 eft
446 2847 580 2883 modulus
588 2850 639 2896 qui
650 2854 748 2884 Gracc
757 2847 882 2883 embatis
889 2849 973 2896 quasi
980 2849 1121 2895 ingreffbr
1129 2850 1414 2895 dicitnrjngyeditur
1423 2851 1499 2883 enim
1508 2851 1537 2883 in
1553 2848 1752 2893 mensurandis
1756 2847 1910 2897 partibus.

227 2891 328 2926 CRAs
335 2904 347 2926 s
355 2903 367 2925 1
375 2903 398 2925 ’r
406 2905 478 2927 vno
503 2896 726 2932 columnarum
737 2898 797 2931 erit
806 2896 948 2931 duorum
967 2897 1177 2932 modulorum
1184 2898 1324 2932 altitudo
1340 2910 1414 2932 cum
1433 2898 1577 2943 capitulo
1599 2909 1612 2931 1
1619 2911 1652 2943 4.
1672 2897 1815 2944 Capituli
1832 2894 1913 2931 cras‹

177 2938 284 2973 fitudo
296 2942 390 2975 unius
397 2941 672 2981 moduli‚latitud0
680 2947 834 2984 duorum,
845 2949 878 2980 δι’
887 2945 1013 2981 moduli
1024 2944 1114 2982 sextae
1124 2947 1234 2993 partis.
1259 2944 1447 2981 Crassitudo
1456 2947 1588 2993 capituli
1598 2945 1760 2981 diuidatur
1767 2946 1799 2980 in
1807 2954 1912 2991 partes

104 2988 151 3022 60·
179 2998 242 3023 tres
251 3011 262 3029 2
271 3001 288 3024 e
297 2989 416 3038 quibus
435 3003 497 3027 una
513 2992 658 3040 plinthus
675 3007 751 3032 cum
769 2995 910 3043 cymatio
924 2993 995 3036 fiat,
1014 2995 1111 3031 altera
1128 2996 1261 3032 echinus
1279 3007 1355 3032 cum
1372 2994 1496 3032 annulis
1505 3017 1517 3036 ,
1527 2996 1620 3031 tertia
1635 2993 1913 3044 hypotrachelion·

1785 3048 1915 3078 contra-

93 1035 136 1057 20
