<?xml version="1.0" encoding="UTF-8"?>
<!DOCTYPE html PUBLIC "-//W3C//DTD XHTML 1.0 Transitional//EN"
    "http://www.w3.org/TR/xhtml1/DTD/xhtml1-transitional.dtd">
<html xmlns="http://www.w3.org/1999/xhtml" xml:lang="en" lang="en">
 <head>
  <title>
</title>
<meta http-equiv="Content-Type" content="text/html;charset=utf-8" />
  <meta name='ocr-system' content='tesseract 3.04.00' />
  <meta name='ocr-capabilities' content='ocr_page ocr_carea ocr_par ocr_line ocrx_word'/>
</head>
<body>
  <div class='ocr_page' id='page_1' title='image "./mvitrvviipollion00vitr/mvitrvviipollion00vitr_0084.png"; bbox 0 0 2195 3313; ppageno 0'>
   <div class='ocr_carea' id='block_1_1' title="bbox 337 62 1395 104">
    <p class='ocr_par' dir='ltr' id='par_1_1' title="bbox 337 62 1395 104">
     <span class='ocr_line' id='line_1_1' title="bbox 337 62 1395 104; baseline 0.005 -14"><span class='ocrx_word' id='word_1_1' title='bbox 337 66 385 98; x_wconf 79' lang='lat'><em>50</em></span> <span class='ocrx_word' id='word_1_2' title='bbox 1059 62 1395 104; x_wconf 59' lang='lat' dir='ltr'><em>‘LIBER</em></span> 
     </span>
    </p>
   </div>
   <div class='ocr_carea' id='block_1_2' title="bbox 319 131 2088 1356">
    <p class='ocr_par' dir='ltr' id='par_1_2' title="bbox 335 131 2088 223">
     <span class='ocr_line' id='line_1_2' title="bbox 336 131 2088 185; baseline 0.002 -16"><span class='ocrx_word' id='word_1_3' title='bbox 336 136 455 173; x_wconf 77' lang='lat' dir='ltr'><em>mentia</em></span> <span class='ocrx_word' id='word_1_4' title='bbox 465 133 607 182; x_wconf 80' lang='lat' dir='ltr'>perforat</span> <span class='ocrx_word' id='word_1_5' title='bbox 618 145 686 168; x_wconf 80' lang='lat' dir='ltr'><em>eam</em></span> <span class='ocrx_word' id='word_1_6' title='bbox 697 142 812 167; x_wconf 82' lang='lat' dir='ltr'><em>terram</em></span> <span class='ocrx_word' id='word_1_7' title='bbox 821 155 831 173; x_wconf 91' lang='lat'>‚</span> <span class='ocrx_word' id='word_1_8' title='bbox 839 144 897 180; x_wconf 88' lang='lat' dir='ltr'><em>per</em></span> <span class='ocrx_word' id='word_1_9' title='bbox 905 131 1041 181; x_wconf 62' lang='lat' dir='ltr'><em>eamque</em></span> <span class='ocrx_word' id='word_1_10' title='bbox 1050 131 1214 168; x_wconf 86' lang='lat' dir='ltr'><em>manando</em></span> <span class='ocrx_word' id='word_1_11' title='bbox 1223 133 1257 167; x_wconf 91' lang='lat' dir='ltr'><em>in</em></span> <span class='ocrx_word' id='word_1_12' title='bbox 1265 131 1314 168; x_wconf 83' lang='lat' dir='ltr'><em>his</em></span> <span class='ocrx_word' id='word_1_13' title='bbox 1323 134 1406 169; x_wconf 83' lang='lat' dir='ltr'><em>locis</em></span> <span class='ocrx_word' id='word_1_14' title='bbox 1415 133 1538 173; x_wconf 80' lang='lat' dir='ltr'><em>oritur,</em></span> <span class='ocrx_word' id='word_1_15' title='bbox 1549 136 1581 170; x_wconf 87' lang='lat'><strong>&amp;</strong></span> <span class='ocrx_word' id='word_1_16' title='bbox 1589 132 1633 170; x_wconf 78' lang='lat' dir='ltr'><em>ita</em></span> <span class='ocrx_word' id='word_1_17' title='bbox 1644 132 1847 171; x_wconf 76' lang='lat' dir='ltr'><em>sudationum</em></span> <span class='ocrx_word' id='word_1_18' title='bbox 1860 137 2005 185; x_wconf 84' lang='lat' dir='ltr'><em>egregias</em></span> <span class='ocrx_word' id='word_1_19' title='bbox 2015 137 2088 173; x_wconf 82' lang='lat' dir='ltr'><em>effi-</em></span> 
     </span>
     <span class='ocr_line' id='line_1_3' title="bbox 335 186 562 223; baseline -0.004 -3"><span class='ocrx_word' id='word_1_20' title='bbox 335 186 381 223; x_wconf 85' lang='lat' dir='ltr'><em>cit</em></span> <span class='ocrx_word' id='word_1_21' title='bbox 392 186 542 219; x_wconf 80' lang='lat' dir='ltr'>utilitates</span> <span class='ocrx_word' id='word_1_22' title='bbox 553 209 562 219; x_wconf 88' lang='lat'><em>.</em></span> 
     </span>
    </p>

    <p class='ocr_par' dir='ltr' id='par_1_3' title="bbox 329 229 2088 671">
     <span class='ocr_line' id='line_1_4' title="bbox 383 229 2088 285; baseline 0.004 -19"><span class='ocrx_word' id='word_1_23' title='bbox 383 239 486 281; x_wconf 66' lang='lat' dir='ltr'><em>‚Aqua</em></span> <span class='ocrx_word' id='word_1_24' title='bbox 492 243 549 280; x_wconf 83' lang='lat' dir='ltr'><em>per</em></span> <span class='ocrx_word' id='word_1_25' title='bbox 558 231 625 266; x_wconf 77' lang='lat' dir='ltr'><em>luca</em></span> <span class='ocrx_word' id='word_1_26' title='bbox 625 229 789 278; x_wconf 74' lang='lat' dir='ltr'><em>sulphurea</em></span> <span class='ocrx_word' id='word_1_27' title='bbox 802 234 1002 278; x_wconf 80' lang='lat' dir='ltr'><em>peruadentes</em></span> <span class='ocrx_word' id='word_1_28' title='bbox 1018 234 1225 270; x_wconf 85' lang='lat' dir='ltr'><em>incenduntur,</em></span> <span class='ocrx_word' id='word_1_29' title='bbox 1235 242 1390 279; x_wconf 83' lang='lat' dir='ltr'><em>emergunt</em></span> <span class='ocrx_word' id='word_1_30' title='bbox 1398 232 1448 267; x_wconf 86' lang='lat' dir='ltr'><em>&#39;ue</em></span> <span class='ocrx_word' id='word_1_31' title='bbox 1455 232 1558 268; x_wconf 73' lang='lat' dir='ltr'><em>calida</em></span> <span class='ocrx_word' id='word_1_32' title='bbox 1566 256 1577 272; x_wconf 92' lang='lat'><em>‚</em></span> <span class='ocrx_word' id='word_1_33' title='bbox 1588 235 1707 270; x_wconf 88' lang='lat' dir='ltr'><em>odorem</em></span> <span class='ocrx_word' id='word_1_34' title='bbox 1717 232 1836 283; x_wconf 81' lang='lat' dir='ltr'><em>semper</em></span> <span class='ocrx_word' id='word_1_35' title='bbox 1845 257 1856 273; x_wconf 88' lang='lat'>,</span> <span class='ocrx_word' id='word_1_36' title='bbox 1862 235 2002 284; x_wconf 75' lang='lat' dir='ltr'><em>fizporem</em></span> <span class='ocrx_word' id='word_1_37' title='bbox 2011 238 2088 285; x_wconf 74' lang='lat' dir='ltr'><em>ficpe</em></span> 
     </span>
     <span class='ocr_line' id='line_1_5' title="bbox 331 247 2087 330; baseline 0.003 -14"><span class='ocrx_word' id='word_1_38' title='bbox 331 282 526 330; x_wconf 73' lang='lat' dir='ltr'><em>ficlpbureum</em></span> <span class='ocrx_word' id='word_1_39' title='bbox 540 278 682 315; x_wconf 63' lang='lat' dir='ltr'><em>habt-ntes</em></span> <span class='ocrx_word' id='word_1_40' title='bbox 692 304 701 312; x_wconf 93' lang='lat'><strong>.</strong></span> <span class='ocrx_word' id='word_1_41' title='bbox 727 281 893 315; x_wconf 84' lang='lat' dir='ltr'><em>Flammam</em></span> <span class='ocrx_word' id='word_1_42' title='bbox 900 293 972 315; x_wconf 85' lang='lat' dir='ltr'><em>uero</em></span> <span class='ocrx_word' id='word_1_43' title='bbox 982 293 1072 329; x_wconf 86' lang='lat' dir='ltr'><em>quam</em></span> <span class='ocrx_word' id='word_1_44' title='bbox 1079 281 1237 316; x_wconf 78' lang='lat' dir='ltr'><em>celem‘mae</em></span> <span class='ocrx_word' id='word_1_45' title='bbox 1245 284 1373 328; x_wconf 80' lang='lat' dir='ltr'><em>concipit</em></span> <span class='ocrx_word' id='word_1_46' title='bbox 1377 247 1504 330; x_wconf 54' lang='lat' dir='ltr'><em>liclphur</em></span> <span class='ocrx_word' id='word_1_47' title='bbox 1511 304 1522 320; x_wconf 88' lang='lat'><em>‚</em></span> <span class='ocrx_word' id='word_1_48' title='bbox 1533 295 1592 330; x_wconf 92' lang='lat' dir='ltr'><em>qua</em></span> <span class='ocrx_word' id='word_1_49' title='bbox 1609 295 1643 317; x_wconf 85' lang='lat' dir='ltr'><em>re</em></span> <span class='ocrx_word' id='word_1_50' title='bbox 1646 281 1716 324; x_wconf 83' lang='lat' dir='ltr'><em>fieri</em></span> <span class='ocrx_word' id='word_1_51' title='bbox 1725 285 1829 330; x_wconf 75' lang='lat' dir='ltr'><em>potefl</em></span> <span class='ocrx_word' id='word_1_52' title='bbox 1835 293 1870 318; x_wconf 85' lang='lat' dir='ltr'><em>ut</em></span> <span class='ocrx_word' id='word_1_53' title='bbox 1884 295 1968 320; x_wconf 88' lang='lat' dir='ltr'><em>motu</em></span> <span class='ocrx_word' id='word_1_54' title='bbox 1983 286 2028 320; x_wconf 87' lang='lat' dir='ltr'><em>ali</em></span> <span class='ocrx_word' id='word_1_55' title='bbox 2047 298 2087 321; x_wconf 90' lang='lat' dir='ltr'><em>uo</em></span> 
     </span>
     <span class='ocr_line' id='line_1_6' title="bbox 334 299 2087 379; baseline 0.002 -14"><span class='ocrx_word' id='word_1_56' title='bbox 334 332 366 366; x_wconf 80' lang='lat' dir='ltr'><em>in</em></span> <span class='ocrx_word' id='word_1_57' title='bbox 377 331 436 364; x_wconf 73' lang='lat' dir='ltr'><em>eliis</em></span> <span class='ocrx_word' id='word_1_58' title='bbox 444 331 516 364; x_wconf 89' lang='lat' dir='ltr'><em>Iocis</em></span> <span class='ocrx_word' id='word_1_59' title='bbox 525 351 534 366; x_wconf 89' lang='lat'><em>‚</em></span> <span class='ocrx_word' id='word_1_60' title='bbox 546 329 793 375; x_wconf 79' lang='lat' dir='ltr'><em>quemadmodum</em></span> <span class='ocrx_word' id='word_1_61' title='bbox 801 331 877 375; x_wconf 81' lang='lat' dir='ltr'><em>ignis</em></span> <span class='ocrx_word' id='word_1_62' title='bbox 887 332 916 363; x_wconf 87' lang='lat' dir='ltr'><em>in</em></span> <span class='ocrx_word' id='word_1_63' title='bbox 925 329 1064 368; x_wconf 86' lang='lat' dir='ltr'><em>nubibus,</em></span> <span class='ocrx_word' id='word_1_64' title='bbox 1073 332 1266 369; x_wconf 79' lang='lat' dir='ltr'><em>accendatur,</em></span> <span class='ocrx_word' id='word_1_65' title='bbox 1275 329 1325 365; x_wconf 87' lang='lat' dir='ltr'><em>uel</em></span> <span class='ocrx_word' id='word_1_66' title='bbox 1332 340 1444 378; x_wconf 85' lang='lat' dir='ltr'><em>uapore</em></span> <span class='ocrx_word' id='word_1_67' title='bbox 1451 352 1463 368; x_wconf 85' lang='lat'>‚</span> <span class='ocrx_word' id='word_1_68' title='bbox 1473 330 1522 364; x_wconf 90' lang='lat' dir='ltr'><em>uel</em></span> <span class='ocrx_word' id='word_1_69' title='bbox 1528 333 1649 379; x_wconf 86' lang='lat' dir='ltr'><em>uaporis</em></span> <span class='ocrx_word' id='word_1_70' title='bbox 1657 333 1749 366; x_wconf 76' lang='lat' dir='ltr'><em>terrei</em></span> <span class='ocrx_word' id='word_1_71' title='bbox 1755 341 1838 367; x_wconf 84' lang='lat' dir='ltr'><em>motu</em></span> <span class='ocrx_word' id='word_1_72' title='bbox 1851 357 1860 367; x_wconf 94' lang='lat'><strong>.</strong></span> <span class='ocrx_word' id='word_1_73' title='bbox 1886 340 1922 368; x_wconf 85' lang='lat' dir='ltr'><em>In</em></span> <span class='ocrx_word' id='word_1_74' title='bbox 1934 299 2087 369; x_wconf 53' lang='lat' dir='ltr'><em>monulus</em></span> 
     </span>
     <span class='ocr_line' id='line_1_7' title="bbox 333 377 2087 424; baseline 0.003 -12"><span class='ocrx_word' id='word_1_75' title='bbox 333 381 428 424; x_wconf 78' lang='lat' dir='ltr'><em>igitur</em></span> <span class='ocrx_word' id='word_1_76' title='bbox 439 385 648 414; x_wconf 80' lang='lat' dir='ltr'><em>cumanorum,</em></span> <span class='ocrx_word' id='word_1_77' title='bbox 659 383 700 417; x_wconf 64' lang='grc' dir='ltr'><em>(φ</em></span> <span class='ocrx_word' id='word_1_78' title='bbox 708 379 828 414; x_wconf 84' lang='lat' dir='ltr'><em>Baianis</em></span> <span class='ocrx_word' id='word_1_79' title='bbox 836 389 903 412; x_wconf 83' lang='lat' dir='ltr'><em>cum</em></span> <span class='ocrx_word' id='word_1_80' title='bbox 905 377 968 422; x_wconf 82' lang='lat' dir='ltr'><em>sint</em></span> <span class='ocrx_word' id='word_1_81' title='bbox 977 378 1044 414; x_wconf 84' lang='lat' dir='ltr'><em>loca</em></span> <span class='ocrx_word' id='word_1_82' title='bbox 1048 377 1258 423; x_wconf 76' lang='lat' dir='ltr'><em>sudationibus</em></span> <span class='ocrx_word' id='word_1_83' title='bbox 1268 388 1422 414; x_wconf 81' lang='lat' dir='ltr'><em>excauata</em></span> <span class='ocrx_word' id='word_1_84' title='bbox 1430 401 1440 417; x_wconf 91' lang='lat'>‚</span> <span class='ocrx_word' id='word_1_85' title='bbox 1448 380 1570 414; x_wconf 86' lang='lat' dir='ltr'><em>ardores</em></span> <span class='ocrx_word' id='word_1_86' title='bbox 1577 380 1634 424; x_wconf 80' lang='lat' dir='ltr'><em>effe</em></span> <span class='ocrx_word' id='word_1_87' title='bbox 1642 382 1672 414; x_wconf 87' lang='lat' dir='ltr'><em>in</em></span> <span class='ocrx_word' id='word_1_88' title='bbox 1680 380 1727 414; x_wconf 82' lang='lat' dir='ltr'><em>his</em></span> <span class='ocrx_word' id='word_1_89' title='bbox 1735 379 1810 415; x_wconf 87' lang='lat' dir='ltr'><em>locis</em></span> <span class='ocrx_word' id='word_1_90' title='bbox 1818 379 1969 419; x_wconf 65' lang='lat' dir='ltr'><em>oflendunt</em></span> <span class='ocrx_word' id='word_1_91' title='bbox 1978 407 1988 416; x_wconf 91' lang='lat'><strong><em>.</em></strong></span> <span class='ocrx_word' id='word_1_92' title='bbox 1999 385 2087 422; x_wconf 78' lang='lat' dir='ltr'><em>Sinus</em></span> 
     </span>
     <span class='ocr_line' id='line_1_8' title="bbox 330 424 2088 474; baseline 0.002 -13"><span class='ocrx_word' id='word_1_93' title='bbox 330 437 434 462; x_wconf 85' lang='lat' dir='ltr'><em>autem</em></span> <span class='ocrx_word' id='word_1_94' title='bbox 444 428 574 462; x_wconf 78' lang='lat' dir='ltr'><em>Baianus</em></span> <span class='ocrx_word' id='word_1_95' title='bbox 584 424 622 468; x_wconf 71' lang='lat' dir='ltr'><em>esi</em></span> <span class='ocrx_word' id='word_1_96' title='bbox 633 430 797 474; x_wconf 69' lang='lat' dir='ltr'><em>Campania</em></span> <span class='ocrx_word' id='word_1_97' title='bbox 806 433 843 462; x_wconf 90' lang='lat' dir='ltr'><em>M</em></span> <span class='ocrx_word' id='word_1_98' title='bbox 845 426 936 470; x_wconf 71' lang='lat' dir='ltr'><em>effi‘no</em></span> <span class='ocrx_word' id='word_1_99' title='bbox 944 429 1024 462; x_wconf 74' lang='grc' dir='ltr'><em>νηὸιε</em></span> <span class='ocrx_word' id='word_1_100' title='bbox 1032 433 1074 468; x_wconf 75' lang='lat'><em>&amp;</em></span> <span class='ocrx_word' id='word_1_101' title='bbox 1081 427 1219 471; x_wconf 80' lang='lat' dir='ltr'><em>‘Puteolis</em></span> <span class='ocrx_word' id='word_1_102' title='bbox 1227 427 1338 470; x_wconf 75' lang='lat' dir='ltr'><em>clauso,</em></span> <span class='ocrx_word' id='word_1_103' title='bbox 1347 426 1390 462; x_wconf 90' lang='lat' dir='ltr'><em>ibi</em></span> <span class='ocrx_word' id='word_1_104' title='bbox 1397 439 1481 462; x_wconf 88' lang='lat' dir='ltr'><em>mons</em></span> <span class='ocrx_word' id='word_1_105' title='bbox 1490 429 1546 467; x_wconf 76' lang='lat' dir='ltr'><em>eft,</em></span> <span class='ocrx_word' id='word_1_106' title='bbox 1554 430 1594 462; x_wconf 87' lang='lat' dir='ltr'><em>ad</em></span> <span class='ocrx_word' id='word_1_107' title='bbox 1601 431 1685 463; x_wconf 90' lang='lat' dir='ltr'><em>cuius</em></span> <span class='ocrx_word' id='word_1_108' title='bbox 1692 430 1806 463; x_wconf 83' lang='lat' dir='ltr'><em>radices</em></span> <span class='ocrx_word' id='word_1_109' title='bbox 1816 429 2012 465; x_wconf 82' lang='lat' dir='ltr'><em>Thermarum</em></span> <span class='ocrx_word' id='word_1_110' title='bbox 2013 430 2088 474; x_wconf 74' lang='lat' dir='ltr'><em>fiant</em></span> 
     </span>
     <span class='ocr_line' id='line_1_9' title="bbox 333 474 2085 524; baseline 0.003 -15"><span class='ocrx_word' id='word_1_111' title='bbox 333 476 413 513; x_wconf 73' lang='lat' dir='ltr'><em>loca,</em></span> <span class='ocrx_word' id='word_1_112' title='bbox 426 481 466 515; x_wconf 68' lang='lat' dir='ltr'><em>(y</em></span> <span class='ocrx_word' id='word_1_113' title='bbox 474 486 557 522; x_wconf 71' lang='lat' dir='ltr'><em>aqua</em></span> <span class='ocrx_word' id='word_1_114' title='bbox 560 474 727 518; x_wconf 79' lang='lat' dir='ltr'><em>feruentes,</em></span> <span class='ocrx_word' id='word_1_115' title='bbox 738 488 757 509; x_wconf 89' lang='lat' dir='ltr'><em>a</em></span> <span class='ocrx_word' id='word_1_116' title='bbox 769 474 875 523; x_wconf 85' lang='lat' dir='ltr'><em>quibus</em></span> <span class='ocrx_word' id='word_1_117' title='bbox 885 477 925 509; x_wconf 87' lang='lat' dir='ltr'><em>ad</em></span> <span class='ocrx_word' id='word_1_118' title='bbox 927 476 1093 518; x_wconf 79' lang='lat' dir='ltr'><em>sudationis</em></span> <span class='ocrx_word' id='word_1_119' title='bbox 1101 475 1198 510; x_wconf 82' lang='lat' dir='ltr'><em>locum</em></span> <span class='ocrx_word' id='word_1_120' title='bbox 1211 475 1308 511; x_wconf 84' lang='lat' dir='ltr'><em>tribus</em></span> <span class='ocrx_word' id='word_1_121' title='bbox 1316 482 1357 516; x_wconf 55' lang='grc' dir='ltr'><em>Θ</em></span> <span class='ocrx_word' id='word_1_122' title='bbox 1367 478 1565 524; x_wconf 81' lang='lat' dir='ltr'><em>quadraginta</em></span> <span class='ocrx_word' id='word_1_123' title='bbox 1570 475 1716 523; x_wconf 76' lang='lat' dir='ltr'><em>gradibus</em></span> <span class='ocrx_word' id='word_1_124' title='bbox 1725 477 1891 520; x_wconf 76' lang='lat' dir='ltr'><em>ajcenditur</em></span> <span class='ocrx_word' id='word_1_125' title='bbox 1899 500 1909 515; x_wconf 89' lang='lat'>,</span> <span class='ocrx_word' id='word_1_126' title='bbox 1921 478 2058 521; x_wconf 72' lang='lat' dir='ltr'><em>tritolam</em></span> <span class='ocrx_word' id='word_1_127' title='bbox 2065 491 2085 514; x_wconf 87' lang='lat' dir='ltr'><em>a</em></span> 
     </span>
     <span class='ocr_line' id='line_1_10' title="bbox 333 523 2086 572; baseline 0.003 -15"><span class='ocrx_word' id='word_1_128' title='bbox 333 525 487 569; x_wconf 77' lang='lat' dir='ltr'><em>tergendo,</em></span> <span class='ocrx_word' id='word_1_129' title='bbox 499 523 548 557; x_wconf 84' lang='lat' dir='ltr'><em>uel</em></span> <span class='ocrx_word' id='word_1_130' title='bbox 555 523 709 566; x_wconf 67' lang='lat' dir='ltr'><em>friciolam</em></span> <span class='ocrx_word' id='word_1_131' title='bbox 717 524 1149 567; x_wconf 76' lang='lat' dir='ltr'><em>africando,dicunt‚Plurium</em></span> <span class='ocrx_word' id='word_1_132' title='bbox 1158 536 1274 572; x_wconf 85' lang='lat' dir='ltr'><em>quoquc</em></span> <span class='ocrx_word' id='word_1_133' title='bbox 1282 524 1415 559; x_wconf 88' lang='lat' dir='ltr'><em>Iocorum</em></span> <span class='ocrx_word' id='word_1_134' title='bbox 1424 527 1554 559; x_wconf 84' lang='lat' dir='ltr'><em>meminit</em></span> <span class='ocrx_word' id='word_1_135' title='bbox 1571 532 1602 561; x_wconf 91' lang='lat' dir='ltr'><em>V</em></span> <span class='ocrx_word' id='word_1_136' title='bbox 1602 528 1655 560; x_wconf 81' lang='lat' dir='ltr'><em>itt.</em></span> <span class='ocrx_word' id='word_1_137' title='bbox 1673 525 1725 560; x_wconf 88' lang='lat' dir='ltr'><em>ubi</em></span> <span class='ocrx_word' id='word_1_138' title='bbox 1734 525 1896 569; x_wconf 83' lang='lat' dir='ltr'><em>lmiusmodi</em></span> <span class='ocrx_word' id='word_1_139' title='bbox 1899 525 1979 568; x_wconf 83' lang='lat' dir='ltr'><em>fiunt</em></span> <span class='ocrx_word' id='word_1_140' title='bbox 1986 529 2086 562; x_wconf 81' lang='lat' dir='ltr'><em>incen-</em></span> 
     </span>
     <span class='ocr_line' id='line_1_11' title="bbox 329 571 2085 619; baseline 0.002 -14"><span class='ocrx_word' id='word_1_141' title='bbox 329 574 378 606; x_wconf 77' lang='lat' dir='ltr'><em>dia</em></span> <span class='ocrx_word' id='word_1_142' title='bbox 387 595 397 610; x_wconf 92' lang='lat'><em>,</em></span> <span class='ocrx_word' id='word_1_143' title='bbox 419 584 459 606; x_wconf 77' lang='lat' dir='ltr'><em>ex</em></span> <span class='ocrx_word' id='word_1_144' title='bbox 471 584 530 619; x_wconf 88' lang='lat' dir='ltr'><em>qua</em></span> <span class='ocrx_word' id='word_1_145' title='bbox 540 571 690 617; x_wconf 82' lang='lat' dir='ltr'><em>occafioue</em></span> <span class='ocrx_word' id='word_1_146' title='bbox 699 575 737 606; x_wconf 81' lang='lat' dir='ltr'><em>ad</em></span> <span class='ocrx_word' id='word_1_147' title='bbox 745 571 838 607; x_wconf 86' lang='lat' dir='ltr'><em>aliam</em></span> <span class='ocrx_word' id='word_1_148' title='bbox 846 571 1023 618; x_wconf 71' lang='lat' dir='ltr'><em>quastioncm</em></span> <span class='ocrx_word' id='word_1_149' title='bbox 1032 573 1139 617; x_wconf 82' lang='lat' dir='ltr'><em>tranfit</em></span> <span class='ocrx_word' id='word_1_150' title='bbox 1149 598 1157 607; x_wconf 90' lang='lat'><strong>.</strong></span> <span class='ocrx_word' id='word_1_151' title='bbox 1170 586 1205 607; x_wconf 87' lang='lat' dir='ltr'><em>ea</em></span> <span class='ocrx_word' id='word_1_152' title='bbox 1220 572 1258 615; x_wconf 80' lang='lat' dir='ltr'><em>eft</em></span> <span class='ocrx_word' id='word_1_153' title='bbox 1267 598 1276 606; x_wconf 91' lang='lat'><strong><em>.</em></strong></span> <span class='ocrx_word' id='word_1_154' title='bbox 1306 580 1366 608; x_wconf 80' lang='lat' dir='ltr'><em>Cur</em></span> <span class='ocrx_word' id='word_1_155' title='bbox 1374 575 1465 608; x_wconf 83' lang='lat' dir='ltr'><em>etiam</em></span> <span class='ocrx_word' id='word_1_156' title='bbox 1474 572 1599 617; x_wconf 82' lang='lat' dir='ltr'><em>ubifimt</em></span> <span class='ocrx_word' id='word_1_157' title='bbox 1615 572 1715 609; x_wconf 88' lang='lat' dir='ltr'><em>crebri</em></span> <span class='ocrx_word' id='word_1_158' title='bbox 1716 575 1820 619; x_wconf 80' lang='lat' dir='ltr'><em>fhntes</em></span> <span class='ocrx_word' id='word_1_159' title='bbox 1829 597 1839 612; x_wconf 86' lang='lat'><em>‚</em></span> <span class='ocrx_word' id='word_1_160' title='bbox 1859 581 1901 615; x_wconf 64' lang='lat'><em>(9⁸</em></span> <span class='ocrx_word' id='word_1_161' title='bbox 1911 575 2085 619; x_wconf 82' lang='lat' dir='ltr'><em>feruentes,</em></span> 
     </span>
     <span class='ocr_line' id='line_1_12' title="bbox 329 620 2086 671; baseline 0.002 -17"><span class='ocrx_word' id='word_1_162' title='bbox 329 623 583 668; x_wconf 66' lang='lat' dir='ltr'><em>quamadmodum</em></span> <span class='ocrx_word' id='word_1_163' title='bbox 591 623 619 654; x_wconf 86' lang='lat' dir='ltr'><em>in</em></span> <span class='ocrx_word' id='word_1_164' title='bbox 631 628 689 656; x_wconf 77' lang='lat' dir='ltr'><em>Hei</em></span> <span class='ocrx_word' id='word_1_165' title='bbox 695 622 776 655; x_wconf 80' lang='lat' dir='ltr'><em>rm-ia</em></span> <span class='ocrx_word' id='word_1_166' title='bbox 784 644 796 659; x_wconf 92' lang='lat'>,</span> <span class='ocrx_word' id='word_1_167' title='bbox 807 633 864 654; x_wconf 87' lang='lat' dir='ltr'><em>non</em></span> <span class='ocrx_word' id='word_1_168' title='bbox 866 621 983 668; x_wconf 80' lang='lat' dir='ltr'><em>semper</em></span> <span class='ocrx_word' id='word_1_169' title='bbox 992 620 1029 662; x_wconf 76' lang='lat' dir='ltr'><em>eft</em></span> <span class='ocrx_word' id='word_1_170' title='bbox 1035 621 1134 668; x_wconf 88' lang='lat' dir='ltr'><em>puluis</em></span> <span class='ocrx_word' id='word_1_171' title='bbox 1142 621 1266 665; x_wconf 79' lang='lat' dir='ltr'><em>eiufiiem</em></span> <span class='ocrx_word' id='word_1_172' title='bbox 1275 630 1384 656; x_wconf 86' lang='lat' dir='ltr'><em>natura</em></span> <span class='ocrx_word' id='word_1_173' title='bbox 1393 647 1403 660; x_wconf 90' lang='lat'>,</span> <span class='ocrx_word' id='word_1_174' title='bbox 1414 634 1474 670; x_wconf 85' lang='lat' dir='ltr'><em>qua</em></span> <span class='ocrx_word' id='word_1_175' title='bbox 1480 622 1658 669; x_wconf 81' lang='lat' dir='ltr'><em>puteolanus</em></span> <span class='ocrx_word' id='word_1_176' title='bbox 1668 647 1676 656; x_wconf 91' lang='lat'><strong>.</strong></span> <span class='ocrx_word' id='word_1_177' title='bbox 1686 622 1763 657; x_wconf 83' lang='lat' dir='ltr'><em>hanc</em></span> <span class='ocrx_word' id='word_1_178' title='bbox 1780 635 1898 671; x_wconf 88' lang='lat' dir='ltr'><em>quoque</em></span> <span class='ocrx_word' id='word_1_179' title='bbox 1905 622 2086 671; x_wconf 70' lang='lat' dir='ltr'><em>quastionem</em></span> 
     </span>
    </p>

    <p class='ocr_par' dir='ltr' id='par_1_4' title="bbox 319 668 2086 1062">
     <span class='ocr_line' id='line_1_13' title="bbox 319 668 2086 719; baseline 0.002 -16"><span class='ocrx_word' id='word_1_180' title='bbox 319 669 415 714; x_wconf 80' lang='lat' dir='ltr'><em>Joluit</em></span> <span class='ocrx_word' id='word_1_181' title='bbox 427 693 436 708; x_wconf 94' lang='lat'>,</span> <span class='ocrx_word' id='word_1_182' title='bbox 448 676 487 709; x_wconf 58' lang='grc' dir='ltr'><em>ο·</em></span> <span class='ocrx_word' id='word_1_183' title='bbox 496 679 595 704; x_wconf 85' lang='lat' dir='ltr'><em>totum</em></span> <span class='ocrx_word' id='word_1_184' title='bbox 603 672 753 716; x_wconf 82' lang='lat' dir='ltr'><em>negotium</em></span> <span class='ocrx_word' id='word_1_185' title='bbox 770 672 805 703; x_wconf 82' lang='lat' dir='ltr'><em>de</em></span> <span class='ocrx_word' id='word_1_186' title='bbox 822 669 945 715; x_wconf 82' lang='lat' dir='ltr'><em>puluere</em></span> <span class='ocrx_word' id='word_1_187' title='bbox 957 669 1118 716; x_wconf 85' lang='lat' dir='ltr'><em>puteolano</em></span> <span class='ocrx_word' id='word_1_188' title='bbox 1126 668 1265 712; x_wconf 75' lang='lat' dir='ltr'><em>absoluit.</em></span> <span class='ocrx_word' id='word_1_189' title='bbox 1275 680 1488 706; x_wconf 85' lang='lat' dir='ltr'><em>commemorat</em></span> <span class='ocrx_word' id='word_1_190' title='bbox 1496 680 1598 706; x_wconf 86' lang='lat' dir='ltr'><em>autem</em></span> <span class='ocrx_word' id='word_1_191' title='bbox 1603 673 1688 719; x_wconf 83' lang='lat' dir='ltr'><em>prius</em></span> <span class='ocrx_word' id='word_1_192' title='bbox 1695 680 1729 706; x_wconf 88' lang='lat' dir='ltr'><em>ut</em></span> <span class='ocrx_word' id='word_1_193' title='bbox 1736 673 1800 706; x_wconf 82' lang='lat' dir='ltr'><em>dixi</em></span> <span class='ocrx_word' id='word_1_194' title='bbox 1806 694 1816 710; x_wconf 89' lang='lat'><em>,</em></span> <span class='ocrx_word' id='word_1_195' title='bbox 1826 671 1921 706; x_wconf 88' lang='lat' dir='ltr'><em>multa</em></span> <span class='ocrx_word' id='word_1_196' title='bbox 1936 674 2086 719; x_wconf 86' lang='lat' dir='ltr'><em>incendio-</em></span> 
     </span>
     <span class='ocr_line' id='line_1_14' title="bbox 326 716 2086 769; baseline 0.001 -16"><span class='ocrx_word' id='word_1_197' title='bbox 326 729 393 753; x_wconf 75' lang='lat' dir='ltr'><em>rum</em></span> <span class='ocrx_word' id='word_1_198' title='bbox 404 718 470 753; x_wconf 84' lang='lat' dir='ltr'><em>loca</em></span> <span class='ocrx_word' id='word_1_199' title='bbox 482 743 491 753; x_wconf 92' lang='lat'><strong><em>.</em></strong></span> <span class='ocrx_word' id='word_1_200' title='bbox 513 718 684 768; x_wconf 73' lang='lat' dir='ltr'><em>quarcfiztis</em></span> <span class='ocrx_word' id='word_1_201' title='bbox 691 717 824 757; x_wconf 81' lang='lat' dir='ltr'><em>arbitror</em></span> <span class='ocrx_word' id='word_1_202' title='bbox 834 716 888 762; x_wconf 63' lang='lat' dir='ltr'><em>effi&gt;</em></span> <span class='ocrx_word' id='word_1_203' title='bbox 897 724 928 754; x_wconf 90' lang='lat' dir='ltr'><em>V</em></span> <span class='ocrx_word' id='word_1_204' title='bbox 927 719 1111 757; x_wconf 75' lang='lat' dir='ltr'><em>icruuianam</em></span> <span class='ocrx_word' id='word_1_205' title='bbox 1124 718 1305 762; x_wconf 76' lang='lat' dir='ltr'><em>sementiam</em></span> <span class='ocrx_word' id='word_1_206' title='bbox 1319 729 1466 769; x_wconf 83' lang='lat' dir='ltr'><em>apponere</em></span> <span class='ocrx_word' id='word_1_207' title='bbox 1473 742 1485 758; x_wconf 93' lang='lat'><em>‚</em></span> <span class='ocrx_word' id='word_1_208' title='bbox 1502 725 1543 760; x_wconf 50' lang='grc' dir='ltr'><em>φ</em></span> <span class='ocrx_word' id='word_1_209' title='bbox 1551 722 1581 755; x_wconf 85' lang='lat' dir='ltr'><em>in</em></span> <span class='ocrx_word' id='word_1_210' title='bbox 1589 720 1714 765; x_wconf 82' lang='lat' dir='ltr'><em>refacili</em></span> <span class='ocrx_word' id='word_1_211' title='bbox 1733 732 1792 755; x_wconf 80' lang='lat' dir='ltr'><em>uon</em></span> <span class='ocrx_word' id='word_1_212' title='bbox 1799 722 1954 755; x_wconf 84' lang='lat' dir='ltr'><em>immorari</em></span> <span class='ocrx_word' id='word_1_213' title='bbox 1961 745 1971 755; x_wconf 92' lang='lat'><strong>.</strong></span> <span class='ocrx_word' id='word_1_214' title='bbox 1988 722 2086 769; x_wconf 76' lang='lat' dir='ltr'><em>inquit</em></span> 
     </span>
     <span class='ocr_line' id='line_1_15' title="bbox 320 778 1377 813; baseline 0.005 -12"><span class='ocrx_word' id='word_1_215' title='bbox 320 778 424 813; x_wconf 72' lang='lat' dir='ltr'><em>igitur.</em></span> <span class='ocrx_word' id='word_1_216' title='bbox 1348 804 1361 808; x_wconf 72' lang='grc'><em>,,</em></span> <span class='ocrx_word' id='word_1_217' title='bbox 1375 804 1377 806; x_wconf 91' lang='grc'>.</span> 
     </span>
     <span class='ocr_line' id='line_1_16' title="bbox 375 816 2084 865; baseline 0.003 -15"><span class='ocrx_word' id='word_1_218' title='bbox 375 816 409 850; x_wconf 88' lang='lat' dir='ltr'>N</span> <span class='ocrx_word' id='word_1_219' title='bbox 421 829 442 850; x_wconf 94' lang='lat' dir='ltr'><em>o</em></span> <span class='ocrx_word' id='word_1_220' title='bbox 457 829 479 850; x_wconf 82' lang='lat' dir='ltr'>N</span> <span class='ocrx_word' id='word_1_221' title='bbox 506 817 612 851; x_wconf 87' lang='lat' dir='ltr'><em>minus</em></span> <span class='ocrx_word' id='word_1_222' title='bbox 625 816 717 851; x_wconf 83' lang='lat' dir='ltr'><em>etiam</em></span> <span class='ocrx_word' id='word_1_223' title='bbox 730 826 930 852; x_wconf 86' lang='lat' dir='ltr'><em>memoratur</em></span> <span class='ocrx_word' id='word_1_224' title='bbox 941 817 1118 865; x_wconf 86' lang='lat' dir='ltr'><em>antiquitus</em></span> <span class='ocrx_word' id='word_1_225' title='bbox 1127 817 1256 855; x_wconf 88' lang='lat' dir='ltr'><em>creuisse</em></span> <span class='ocrx_word' id='word_1_226' title='bbox 1263 818 1394 854; x_wconf 84' lang='lat' dir='ltr'><em>ardores</em></span> <span class='ocrx_word' id='word_1_227' title='bbox 1403 841 1414 858; x_wconf 91' lang='lat'>‚</span> <span class='ocrx_word' id='word_1_228' title='bbox 1423 821 1454 854; x_wconf 68' lang='grc' dir='ltr'><em>δι</em></span> <span class='ocrx_word' id='word_1_229' title='bbox 1465 817 1672 853; x_wconf 74' lang='lat' dir='ltr'><em>abundauiss&#39;e</em></span> <span class='ocrx_word' id='word_1_230' title='bbox 1688 816 1744 853; x_wconf 89' lang='lat' dir='ltr'><em>sub</em></span> <span class='ocrx_word' id='word_1_231' title='bbox 1755 817 1895 854; x_wconf 88' lang='lat' dir='ltr'><em>Vesuuio</em></span> <span class='ocrx_word' id='word_1_232' title='bbox 1906 830 2019 855; x_wconf 87' lang='lat' dir='ltr'><em>monte</em></span> <span class='ocrx_word' id='word_1_233' title='bbox 2029 843 2038 860; x_wconf 82' lang='lat'><strong>,</strong></span> <span class='ocrx_word' id='word_1_234' title='bbox 2050 822 2084 855; x_wconf 90' lang='lat'><strong>&amp;</strong></span> 
     </span>
     <span class='ocr_line' id='line_1_17' title="bbox 324 863 2083 917; baseline 0.002 -18"><span class='ocrx_word' id='word_1_235' title='bbox 324 864 399 899; x_wconf 82' lang='lat' dir='ltr'><em>inde</em></span> <span class='ocrx_word' id='word_1_236' title='bbox 409 865 583 899; x_wconf 72' lang='lat' dir='ltr'><em>euomuisse</em></span> <span class='ocrx_word' id='word_1_237' title='bbox 593 867 674 899; x_wconf 85' lang='lat' dir='ltr'><em>circa</em></span> <span class='ocrx_word' id='word_1_238' title='bbox 687 877 780 913; x_wconf 83' lang='lat' dir='ltr'><em>agros</em></span> <span class='ocrx_word' id='word_1_239' title='bbox 793 863 955 899; x_wconf 80' lang='lat' dir='ltr'><em>flammam</em></span> <span class='ocrx_word' id='word_1_240' title='bbox 970 892 979 902; x_wconf 90' lang='lat'><strong>.</strong></span> <span class='ocrx_word' id='word_1_241' title='bbox 1007 867 1150 915; x_wconf 74' lang='lat' dir='ltr'><em>Ideoque</em></span> <span class='ocrx_word' id='word_1_242' title='bbox 1161 881 1245 903; x_wconf 88' lang='lat' dir='ltr'><em>nunc</em></span> <span class='ocrx_word' id='word_1_243' title='bbox 1256 869 1312 917; x_wconf 88' lang='lat' dir='ltr'><em>qui</em></span> <span class='ocrx_word' id='word_1_244' title='bbox 1323 866 1457 916; x_wconf 81' lang='lat' dir='ltr'><em>spongia</em></span> <span class='ocrx_word' id='word_1_245' title='bbox 1466 891 1477 907; x_wconf 94' lang='lat'><em>‚</em></span> <span class='ocrx_word' id='word_1_246' title='bbox 1488 868 1549 903; x_wconf 83' lang='lat' dir='ltr'><em>fine</em></span> <span class='ocrx_word' id='word_1_247' title='bbox 1558 880 1677 915; x_wconf 79' lang='lat' dir='ltr'><em>pumex</em></span> <span class='ocrx_word' id='word_1_248' title='bbox 1702 869 1917 914; x_wconf 85' lang='lat' dir='ltr'><em>Pompeianus</em></span> <span class='ocrx_word' id='word_1_249' title='bbox 1927 880 2064 902; x_wconf 88' lang='lat' dir='ltr'><em>uocatur</em></span> <span class='ocrx_word' id='word_1_250' title='bbox 2072 892 2083 908; x_wconf 88' lang='lat'><strong>,</strong></span> 
     </span>
     <span class='ocr_line' id='line_1_18' title="bbox 324 914 2082 965; baseline 0.002 -17"><span class='ocrx_word' id='word_1_251' title='bbox 324 914 479 948; x_wconf 62' lang='lat' dir='ltr'><em>excoftus</em></span> <span class='ocrx_word' id='word_1_252' title='bbox 490 927 525 946; x_wconf 88' lang='lat' dir='ltr'><em>ex</em></span> <span class='ocrx_word' id='word_1_253' title='bbox 537 914 601 947; x_wconf 78' lang='lat' dir='ltr'><em>alio</em></span> <span class='ocrx_word' id='word_1_254' title='bbox 612 925 728 960; x_wconf 83' lang='lat' dir='ltr'>genere</span> <span class='ocrx_word' id='word_1_255' title='bbox 738 914 849 960; x_wconf 84' lang='lat' dir='ltr'><em>lapidis</em></span> <span class='ocrx_word' id='word_1_256' title='bbox 862 936 871 952; x_wconf 88' lang='lat'>‚</span> <span class='ocrx_word' id='word_1_257' title='bbox 882 915 915 948; x_wconf 87' lang='lat' dir='ltr'><em>in</em></span> <span class='ocrx_word' id='word_1_258' title='bbox 928 914 1007 950; x_wconf 82' lang='lat' dir='ltr'><em>hanc</em></span> <span class='ocrx_word' id='word_1_259' title='bbox 1019 915 1165 957; x_wconf 53' lang='lat' dir='ltr'><em>redactus</em></span> <span class='ocrx_word' id='word_1_260' title='bbox 1183 916 1250 964; x_wconf 62' lang='lat' dir='ltr'><em>esse=</em></span> <span class='ocrx_word' id='word_1_261' title='bbox 1262 918 1408 952; x_wconf 85' lang='lat' dir='ltr'><em>uideatur</em></span> <span class='ocrx_word' id='word_1_262' title='bbox 1430 917 1556 963; x_wconf 85' lang='lat' dir='ltr'><em>generis</em></span> <span class='ocrx_word' id='word_1_263' title='bbox 1573 918 1761 963; x_wconf 86' lang='lat' dir='ltr'><em>qualitatem</em></span> <span class='ocrx_word' id='word_1_264' title='bbox 1772 941 1781 950; x_wconf 90' lang='lat'><strong>.</strong></span> <span class='ocrx_word' id='word_1_265' title='bbox 1804 916 1841 950; x_wconf 87' lang='lat' dir='ltr'><em>ld</em></span> <span class='ocrx_word' id='word_1_266' title='bbox 1851 928 1959 950; x_wconf 87' lang='lat' dir='ltr'><em>autem</em></span> <span class='ocrx_word' id='word_1_267' title='bbox 1979 930 2082 965; x_wconf 87' lang='lat' dir='ltr'><em>genus</em></span> 
     </span>
     <span class='ocr_line' id='line_1_19' title="bbox 324 961 2080 1012; baseline 0.002 -15"><span class='ocrx_word' id='word_1_268' title='bbox 324 961 466 1008; x_wconf 69' lang='lat' dir='ltr'><em>spongiae</em></span> <span class='ocrx_word' id='word_1_269' title='bbox 479 985 487 999; x_wconf 91' lang='lat'><em>‚</em></span> <span class='ocrx_word' id='word_1_270' title='bbox 498 964 588 1008; x_wconf 88' lang='lat' dir='ltr'><em>quod</em></span> <span class='ocrx_word' id='word_1_271' title='bbox 599 961 675 996; x_wconf 86' lang='lat' dir='ltr'><em>inde</em></span> <span class='ocrx_word' id='word_1_272' title='bbox 684 964 831 997; x_wconf 85' lang='lat' dir='ltr'><em>eximitur</em></span> <span class='ocrx_word' id='word_1_273' title='bbox 844 965 954 998; x_wconf 83' lang='lat' dir='ltr'><em>nonin</em></span> <span class='ocrx_word' id='word_1_274' title='bbox 964 965 1117 1000; x_wconf 85' lang='lat' dir='ltr'><em>omnibus</em></span> <span class='ocrx_word' id='word_1_275' title='bbox 1130 967 1211 1000; x_wconf 85' lang='lat' dir='ltr'><em>locis</em></span> <span class='ocrx_word' id='word_1_276' title='bbox 1221 965 1358 1000; x_wconf 83' lang='lat' dir='ltr'><em>nascitur</em></span> <span class='ocrx_word' id='word_1_277' title='bbox 1367 967 1447 1003; x_wconf 83' lang='lat' dir='ltr'><em>,nili</em></span> <span class='ocrx_word' id='word_1_278' title='bbox 1458 966 1581 1001; x_wconf 87' lang='lat' dir='ltr'><em>circum</em></span> <span class='ocrx_word' id='word_1_279' title='bbox 1595 966 1711 999; x_wconf 87' lang='lat' dir='ltr'><em>Etnam</em></span> <span class='ocrx_word' id='word_1_280' title='bbox 1723 987 1734 1004; x_wconf 93' lang='lat'>,</span> <span class='ocrx_word' id='word_1_281' title='bbox 1745 968 1777 999; x_wconf 76' lang='grc' dir='ltr'><em>δι</em></span> <span class='ocrx_word' id='word_1_282' title='bbox 1798 966 1937 1000; x_wconf 85' lang='lat' dir='ltr'><em>collibus</em></span> <span class='ocrx_word' id='word_1_283' title='bbox 1949 965 2059 1012; x_wconf 82' lang='lat' dir='ltr'>Myfiae</span> <span class='ocrx_word' id='word_1_284' title='bbox 2069 987 2080 1005; x_wconf 81' lang='lat'>‚</span> 
     </span>
     <span class='ocr_line' id='line_1_20' title="bbox 323 1011 1894 1062; baseline 0.003 -18"><span class='ocrx_word' id='word_1_285' title='bbox 323 1023 393 1059; x_wconf 81' lang='lat' dir='ltr'><em>quae</em></span> <span class='ocrx_word' id='word_1_286' title='bbox 404 1024 420 1043; x_wconf 82' lang='lat' dir='ltr'><em>a</em></span> <span class='ocrx_word' id='word_1_287' title='bbox 433 1011 558 1044; x_wconf 73' lang='lat' dir='ltr'><em>Graecis</em></span> <span class='ocrx_word' id='word_1_288' title='bbox 569 1011 846 1045; x_wconf 80' lang='lat' dir='ltr'><em>catachecaurncni</em></span> <span class='ocrx_word' id='word_1_289' title='bbox 859 1014 1058 1053; x_wconf 87' lang='lat' dir='ltr'><em>nominatur,</em></span> <span class='ocrx_word' id='word_1_290' title='bbox 1074 1018 1104 1048; x_wconf 65' lang='grc' dir='ltr'><em>ὃ(</em></span> <span class='ocrx_word' id='word_1_291' title='bbox 1117 1014 1135 1047; x_wconf 81' lang='lat' dir='ltr'><em>li</em></span> <span class='ocrx_word' id='word_1_292' title='bbox 1148 1028 1217 1062; x_wconf 64' lang='lat' dir='ltr'><em>quat</em></span> <span class='ocrx_word' id='word_1_293' title='bbox 1228 1014 1410 1049; x_wconf 86' lang='lat' dir='ltr'><em>huiusmodi</em></span> <span class='ocrx_word' id='word_1_294' title='bbox 1422 1015 1491 1049; x_wconf 88' lang='lat' dir='ltr'><em>sunt</em></span> <span class='ocrx_word' id='word_1_295' title='bbox 1502 1016 1654 1050; x_wconf 84' lang='lat' dir='ltr'><em>locorum</em></span> <span class='ocrx_word' id='word_1_296' title='bbox 1667 1015 1894 1060; x_wconf 79' lang='lat' dir='ltr'><em>proprietates,</em></span> 
     </span>
    </p>

    <p class='ocr_par' dir='ltr' id='par_1_5' title="bbox 319 1058 2081 1356">
     <span class='ocr_line' id='line_1_21' title="bbox 371 1058 2081 1109; baseline 0.004 -16"><span class='ocrx_word' id='word_1_297' title='bbox 371 1061 446 1094; x_wconf 72' lang='lat' dir='ltr'><em>Dixi</em></span> <span class='ocrx_word' id='word_1_298' title='bbox 450 1058 544 1106; x_wconf 84' lang='lat' dir='ltr'><em>paulo</em></span> <span class='ocrx_word' id='word_1_299' title='bbox 547 1059 682 1106; x_wconf 70' lang='lat' dir='ltr'><em>superius</em></span> <span class='ocrx_word' id='word_1_300' title='bbox 693 1060 944 1104; x_wconf 83' lang='lat' dir='ltr'><em>caufiszontium</em></span> <span class='ocrx_word' id='word_1_301' title='bbox 963 1062 1146 1098; x_wconf 83' lang='lat' dir='ltr'><em>calidorum.</em></span> <span class='ocrx_word' id='word_1_302' title='bbox 1172 1068 1268 1109; x_wconf 69' lang='lat' dir='ltr'><em>‘Nunc</em></span> <span class='ocrx_word' id='word_1_303' title='bbox 1284 1064 1401 1108; x_wconf 72' lang='lat' dir='ltr'><em>causam</em></span> <span class='ocrx_word' id='word_1_304' title='bbox 1410 1065 1610 1099; x_wconf 83' lang='lat' dir='ltr'><em>incendiorum</em></span> <span class='ocrx_word' id='word_1_305' title='bbox 1618 1086 1629 1102; x_wconf 91' lang='lat'><em>,</em></span> <span class='ocrx_word' id='word_1_306' title='bbox 1640 1069 1681 1104; x_wconf 58' lang='grc' dir='ltr'><em>(γ</em></span> <span class='ocrx_word' id='word_1_307' title='bbox 1690 1061 1821 1099; x_wconf 75' lang='lat' dir='ltr'><em>Vulcani</em></span> <span class='ocrx_word' id='word_1_308' title='bbox 1831 1063 1957 1108; x_wconf 79' lang='lat' dir='ltr'><em>afferam</em></span> <span class='ocrx_word' id='word_1_309' title='bbox 1969 1089 1978 1098; x_wconf 89' lang='lat'><strong>.</strong></span> <span class='ocrx_word' id='word_1_310' title='bbox 1990 1071 2081 1100; x_wconf 83' lang='lat' dir='ltr'><em>Inue-</em></span> 
     </span>
     <span class='ocr_line' id='line_1_22' title="bbox 322 1108 2079 1159; baseline 0.004 -18"><span class='ocrx_word' id='word_1_311' title='bbox 322 1110 443 1142; x_wconf 78' lang='lat' dir='ltr'><em>niuntur</em></span> <span class='ocrx_word' id='word_1_312' title='bbox 453 1108 554 1142; x_wconf 87' lang='lat' dir='ltr'><em>multis</em></span> <span class='ocrx_word' id='word_1_313' title='bbox 563 1110 592 1142; x_wconf 88' lang='lat' dir='ltr'><em>in</em></span> <span class='ocrx_word' id='word_1_314' title='bbox 600 1108 674 1142; x_wconf 85' lang='lat' dir='ltr'><em>locis</em></span> <span class='ocrx_word' id='word_1_315' title='bbox 685 1111 824 1143; x_wconf 80' lang='lat' dir='ltr'><em>ardentes</em></span> <span class='ocrx_word' id='word_1_316' title='bbox 832 1132 842 1147; x_wconf 90' lang='lat'><em>‚</em></span> <span class='ocrx_word' id='word_1_317' title='bbox 855 1110 1043 1155; x_wconf 73' lang='lat' dir='ltr'><em>&amp;flammas</em></span> <span class='ocrx_word' id='word_1_318' title='bbox 1051 1114 1220 1147; x_wconf 69' lang='lat' dir='ltr'><em>emittentes</em></span> <span class='ocrx_word' id='word_1_319' title='bbox 1228 1122 1344 1148; x_wconf 79' lang='lat' dir='ltr'><em>montes</em></span> <span class='ocrx_word' id='word_1_320' title='bbox 1355 1135 1365 1151; x_wconf 92' lang='lat'>‚</span> <span class='ocrx_word' id='word_1_321' title='bbox 1375 1112 1461 1156; x_wconf 76' lang='lat' dir='ltr'><em>causa</em></span> <span class='ocrx_word' id='word_1_322' title='bbox 1471 1111 1508 1155; x_wconf 75' lang='lat' dir='ltr'><em>eft</em></span> <span class='ocrx_word' id='word_1_323' title='bbox 1524 1114 1663 1147; x_wconf 84' lang='lat' dir='ltr'><em>materies</em></span> <span class='ocrx_word' id='word_1_324' title='bbox 1671 1110 1828 1159; x_wconf 77' lang='lat' dir='ltr'><em>sulphuris</em></span> <span class='ocrx_word' id='word_1_325' title='bbox 1841 1111 2007 1154; x_wconf 78' lang='lat' dir='ltr'><em>iudeficiens</em></span> <span class='ocrx_word' id='word_1_326' title='bbox 2013 1136 2025 1152; x_wconf 89' lang='lat'>‚</span> <span class='ocrx_word' id='word_1_327' title='bbox 2043 1126 2079 1148; x_wconf 74' lang='lat' dir='ltr'><em>ea</em></span> 
     </span>
     <span class='ocr_line' id='line_1_23' title="bbox 323 1156 2079 1210; baseline 0.003 -20"><span class='ocrx_word' id='word_1_328' title='bbox 323 1169 443 1204; x_wconf 79' lang='lat' dir='ltr'><em>quoque</em></span> <span class='ocrx_word' id='word_1_329' title='bbox 453 1156 591 1200; x_wconf 68' lang='lat' dir='ltr'><em>tmt&#39;lqub</em></span> <span class='ocrx_word' id='word_1_330' title='bbox 601 1162 641 1196; x_wconf 70' lang='lat' dir='ltr'><em>(y-</em></span> <span class='ocrx_word' id='word_1_331' title='bbox 647 1159 751 1204; x_wconf 84' lang='lat' dir='ltr'><em>pingui</em></span> <span class='ocrx_word' id='word_1_332' title='bbox 755 1159 950 1205; x_wconf 76' lang='lat' dir='ltr'><em>permiscetur</em></span> <span class='ocrx_word' id='word_1_333' title='bbox 960 1184 969 1194; x_wconf 85' lang='lat'><strong>.</strong></span> <span class='ocrx_word' id='word_1_334' title='bbox 996 1160 1137 1204; x_wconf 81' lang='lat' dir='ltr'><em>Efficitur</em></span> <span class='ocrx_word' id='word_1_335' title='bbox 1144 1170 1245 1195; x_wconf 83' lang='lat' dir='ltr'><em>autem</em></span> <span class='ocrx_word' id='word_1_336' title='bbox 1254 1167 1295 1202; x_wconf 55' lang='grc' dir='ltr'><em>ά*</em></span> <span class='ocrx_word' id='word_1_337' title='bbox 1303 1163 1456 1196; x_wconf 63' lang='lat' dir='ltr'><em>excitatur</em></span> <span class='ocrx_word' id='word_1_338' title='bbox 1464 1163 1538 1207; x_wconf 84' lang='lat' dir='ltr'><em>ignis</em></span> <span class='ocrx_word' id='word_1_339' title='bbox 1546 1173 1587 1196; x_wconf 86' lang='lat' dir='ltr'><em>ex</em></span> <span class='ocrx_word' id='word_1_340' title='bbox 1593 1171 1706 1209; x_wconf 83' lang='lat' dir='ltr'><em>uapore</em></span> <span class='ocrx_word' id='word_1_341' title='bbox 1713 1163 1928 1207; x_wconf 84' lang='lat' dir='ltr'><em>commoto‚qui</em></span> <span class='ocrx_word' id='word_1_342' title='bbox 1937 1163 2018 1196; x_wconf 86' lang='lat' dir='ltr'><em>intus</em></span> <span class='ocrx_word' id='word_1_343' title='bbox 2020 1172 2079 1210; x_wconf 84' lang='lat' dir='ltr'><em>per</em></span> 
     </span>
     <span class='ocr_line' id='line_1_24' title="bbox 327 1204 2079 1255; baseline 0.004 -16"><span class='ocrx_word' id='word_1_344' title='bbox 327 1204 484 1243; x_wconf 78' lang='lat' dir='ltr'><em>turbatur,</em></span> <span class='ocrx_word' id='word_1_345' title='bbox 494 1216 547 1240; x_wconf 85' lang='lat' dir='ltr'><em>nec</em></span> <span class='ocrx_word' id='word_1_346' title='bbox 557 1207 672 1239; x_wconf 76' lang='lat' dir='ltr'><em>exitum</em></span> <span class='ocrx_word' id='word_1_347' title='bbox 681 1205 774 1240; x_wconf 86' lang='lat' dir='ltr'><em>habet</em></span> <span class='ocrx_word' id='word_1_348' title='bbox 782 1229 792 1244; x_wconf 86' lang='lat'><em>,</em></span> <span class='ocrx_word' id='word_1_349' title='bbox 805 1213 846 1247; x_wconf 51' lang='grc' dir='ltr'><strong><em>ψ</em></strong></span> <span class='ocrx_word' id='word_1_350' title='bbox 854 1210 972 1255; x_wconf 85' lang='lat' dir='ltr'><em>quando</em></span> <span class='ocrx_word' id='word_1_351' title='bbox 981 1208 1149 1244; x_wconf 61' lang='lat' dir='ltr'><em>obstruitur</em></span> <span class='ocrx_word' id='word_1_352' title='bbox 1159 1222 1193 1243; x_wconf 88' lang='lat' dir='ltr'><em>os</em></span> <span class='ocrx_word' id='word_1_353' title='bbox 1206 1209 1338 1245; x_wconf 79' lang='lat' dir='ltr'><em>terraeab</em></span> <span class='ocrx_word' id='word_1_354' title='bbox 1388 1222 1427 1245; x_wconf 83' lang='lat' dir='ltr'><em>ua</em></span> <span class='ocrx_word' id='word_1_355' title='bbox 1436 1213 1588 1245; x_wconf 88' lang='lat' dir='ltr'><em>maritima</em></span> <span class='ocrx_word' id='word_1_356' title='bbox 1598 1232 1609 1248; x_wconf 83' lang='lat'>‚</span> <span class='ocrx_word' id='word_1_357' title='bbox 1621 1209 1728 1252; x_wconf 79' lang='lat' dir='ltr'><em>ideoftt</em></span> <span class='ocrx_word' id='word_1_358' title='bbox 1736 1218 1770 1243; x_wconf 88' lang='lat' dir='ltr'><em>ut</em></span> <span class='ocrx_word' id='word_1_359' title='bbox 1783 1211 1871 1245; x_wconf 86' lang='lat' dir='ltr'><em>citius</em></span> <span class='ocrx_word' id='word_1_360' title='bbox 1877 1212 2079 1248; x_wconf 77' lang='lat' dir='ltr'><em>accendantur</em></span> 
     </span>
     <span class='ocr_line' id='line_1_25' title="bbox 319 1253 2077 1307; baseline 0.004 -20"><span class='ocrx_word' id='word_1_361' title='bbox 319 1256 351 1290; x_wconf 84' lang='lat' dir='ltr'><em>in</em></span> <span class='ocrx_word' id='word_1_362' title='bbox 363 1253 438 1288; x_wconf 87' lang='lat' dir='ltr'><em>locis</em></span> <span class='ocrx_word' id='word_1_363' title='bbox 443 1263 534 1300; x_wconf 87' lang='lat' dir='ltr'><em>penes</em></span> <span class='ocrx_word' id='word_1_364' title='bbox 543 1265 637 1292; x_wconf 86' lang='lat' dir='ltr'><em>mare,</em></span> <span class='ocrx_word' id='word_1_365' title='bbox 647 1254 737 1302; x_wconf 77' lang='lat' dir='ltr'><em>quam</em></span> <span class='ocrx_word' id='word_1_366' title='bbox 747 1255 821 1290; x_wconf 87' lang='lat' dir='ltr'><em>alibi</em></span> <span class='ocrx_word' id='word_1_367' title='bbox 831 1281 838 1290; x_wconf 97' lang='lat'>.</span> <span class='ocrx_word' id='word_1_368' title='bbox 849 1258 936 1291; x_wconf 84' lang='lat' dir='ltr'><em>ardet</em></span> <span class='ocrx_word' id='word_1_369' title='bbox 945 1267 1048 1292; x_wconf 85' lang='lat' dir='ltr'><em>autem</em></span> <span class='ocrx_word' id='word_1_370' title='bbox 1057 1267 1123 1293; x_wconf 89' lang='lat' dir='ltr'><em>tam</em></span> <span class='ocrx_word' id='word_1_371' title='bbox 1131 1259 1178 1292; x_wconf 82' lang='lat' dir='ltr'><em>diu</em></span> <span class='ocrx_word' id='word_1_372' title='bbox 1185 1260 1325 1306; x_wconf 88' lang='lat' dir='ltr'><em>quamdiu</em></span> <span class='ocrx_word' id='word_1_373' title='bbox 1327 1258 1363 1302; x_wconf 71' lang='lat' dir='ltr'><em>fir</em></span> <span class='ocrx_word' id='word_1_374' title='bbox 1386 1259 1432 1294; x_wconf 72' lang='lat' dir='ltr'><em>es&#39;i</em></span> <span class='ocrx_word' id='word_1_375' title='bbox 1440 1261 1567 1294; x_wconf 85' lang='lat' dir='ltr'><em>materia</em></span> <span class='ocrx_word' id='word_1_376' title='bbox 1577 1284 1586 1294; x_wconf 88' lang='lat'><strong>.</strong></span> <span class='ocrx_word' id='word_1_377' title='bbox 1612 1261 1761 1305; x_wconf 60' lang='lat' dir='ltr'><em>Qconiam</em></span> <span class='ocrx_word' id='word_1_378' title='bbox 1767 1269 1838 1292; x_wconf 82' lang='lat' dir='ltr'><em>uero</em></span> <span class='ocrx_word' id='word_1_379' title='bbox 1854 1260 1883 1292; x_wconf 84' lang='lat' dir='ltr'><em>in</em></span> <span class='ocrx_word' id='word_1_380' title='bbox 1891 1258 1992 1294; x_wconf 86' lang='lat' dir='ltr'><em>multis</em></span> <span class='ocrx_word' id='word_1_381' title='bbox 2000 1258 2077 1307; x_wconf 81' lang='lat' dir='ltr'><em>lapi-</em></span> 
     </span>
     <span class='ocr_line' id='line_1_26' title="bbox 323 1300 2077 1356; baseline 0.004 -21"><span class='ocrx_word' id='word_1_382' title='bbox 323 1300 410 1339; x_wconf 81' lang='lat' dir='ltr'><em>dibus</em></span> <span class='ocrx_word' id='word_1_383' title='bbox 418 1300 574 1337; x_wconf 80' lang='lat' dir='ltr'><em>imbibitur</em></span> <span class='ocrx_word' id='word_1_384' title='bbox 582 1302 712 1337; x_wconf 86' lang='lat' dir='ltr'><em>multum</em></span> <span class='ocrx_word' id='word_1_385' title='bbox 719 1303 922 1352; x_wconf 53' lang='lat' dir='ltr'><em>&#39;Naphtouubi</em></span> <span class='ocrx_word' id='word_1_386' title='bbox 929 1307 1029 1353; x_wconf 87' lang='lat' dir='ltr'><em>adepti</em></span> <span class='ocrx_word' id='word_1_387' title='bbox 1030 1307 1111 1350; x_wconf 65' lang='lat' dir='ltr'><em>fiant,</em></span> <span class='ocrx_word' id='word_1_388' title='bbox 1126 1316 1243 1342; x_wconf 87' lang='lat' dir='ltr'><em>meatus</em></span> <span class='ocrx_word' id='word_1_389' title='bbox 1251 1306 1364 1342; x_wconf 84' lang='lat' dir='ltr'><em>habent</em></span> <span class='ocrx_word' id='word_1_390' title='bbox 1368 1307 1524 1356; x_wconf 86' lang='lat' dir='ltr'><em>plurimos,</em></span> <span class='ocrx_word' id='word_1_391' title='bbox 1529 1314 1570 1348; x_wconf 69' lang='lat'><em>(9-</em></span> <span class='ocrx_word' id='word_1_392' title='bbox 1582 1307 1663 1342; x_wconf 83' lang='lat' dir='ltr'><em>leues</em></span> <span class='ocrx_word' id='word_1_393' title='bbox 1665 1307 1801 1349; x_wconf 63' lang='lat' dir='ltr'><em>ftunn&amp;</em></span> <span class='ocrx_word' id='word_1_394' title='bbox 1809 1316 1932 1342; x_wconf 79' lang='lat' dir='ltr'><em>enatant</em></span> <span class='ocrx_word' id='word_1_395' title='bbox 1940 1311 1970 1341; x_wconf 81' lang='lat' dir='ltr'><em>in</em></span> <span class='ocrx_word' id='word_1_396' title='bbox 1979 1310 2077 1355; x_wconf 83' lang='lat' dir='ltr'><em>aquis,</em></span> 
     </span>
    </p>
   </div>
   <div class='ocr_carea' id='block_1_3' title="bbox 317 1352 2094 1404">
    <p class='ocr_par' dir='ltr' id='par_1_6' title="bbox 317 1352 2094 1404">
     <span class='ocr_line' id='line_1_27' title="bbox 317 1352 2094 1404; baseline 0.003 -19"><span class='ocrx_word' id='word_1_397' title='bbox 317 1352 564 1398; x_wconf 83' lang='lat' dir='ltr'><em>quemadmodum</em></span> <span class='ocrx_word' id='word_1_398' title='bbox 569 1361 684 1399; x_wconf 85' lang='lat' dir='ltr'><em>pumex</em></span> <span class='ocrx_word' id='word_1_399' title='bbox 693 1378 702 1386; x_wconf 90' lang='lat'><strong>.</strong></span> <span class='ocrx_word' id='word_1_400' title='bbox 762 1359 793 1388; x_wconf 93' lang='lat' dir='ltr'><em>V</em></span> <span class='ocrx_word' id='word_1_401' title='bbox 794 1353 906 1396; x_wconf 71' lang='lat' dir='ltr'><em>eficuius</em></span> <span class='ocrx_word' id='word_1_402' title='bbox 914 1366 997 1388; x_wconf 88' lang='lat' dir='ltr'><em>mons</em></span> <span class='ocrx_word' id='word_1_403' title='bbox 1005 1357 1181 1403; x_wconf 66' lang='lat' dir='ltr'><em>Campaniae,</em></span> <span class='ocrx_word' id='word_1_404' title='bbox 1191 1362 1312 1391; x_wconf 82' lang='lat' dir='ltr'><em>Summa</em></span> <span class='ocrx_word' id='word_1_405' title='bbox 1324 1355 1410 1393; x_wconf 86' lang='lat' dir='ltr'><em>hodie</em></span> <span class='ocrx_word' id='word_1_406' title='bbox 1418 1358 1525 1395; x_wconf 69' lang='lat' dir='ltr'><em>dictus,</em></span> <span class='ocrx_word' id='word_1_407' title='bbox 1535 1358 1646 1392; x_wconf 85' lang='lat' dir='ltr'><em>Vinum</em></span> <span class='ocrx_word' id='word_1_408' title='bbox 1655 1379 1666 1395; x_wconf 92' lang='lat'>‚</span> <span class='ocrx_word' id='word_1_409' title='bbox 1676 1357 1758 1404; x_wconf 88' lang='lat' dir='ltr'><em>quod</em></span> <span class='ocrx_word' id='word_1_410' title='bbox 1773 1361 1905 1391; x_wconf 77' lang='lat' dir='ltr'><em>Graecum</em></span> <span class='ocrx_word' id='word_1_411' title='bbox 1913 1359 2074 1403; x_wconf 79' lang='lat' dir='ltr'><em>¹appellant</em></span> <span class='ocrx_word' id='word_1_412' title='bbox 2092 1380 2094 1382; x_wconf 97' lang='lat'>-</span> 
     </span>
    </p>
   </div>
   <div class='ocr_carea' id='block_1_4' title="bbox 303 1398 2076 3009">
    <p class='ocr_par' dir='ltr' id='par_1_7' title="bbox 315 1398 2076 1550">
     <span class='ocr_line' id='line_1_28' title="bbox 316 1398 2076 1452; baseline 0.003 -18"><span class='ocrx_word' id='word_1_413' title='bbox 316 1398 358 1434; x_wconf 83' lang='lat' dir='ltr'><em>ab</em></span> <span class='ocrx_word' id='word_1_414' title='bbox 367 1411 401 1433; x_wconf 85' lang='lat' dir='ltr'><em>co</em></span> <span class='ocrx_word' id='word_1_415' title='bbox 411 1398 641 1448; x_wconf 68' lang='lat' dir='ltr'><em>habent‚saepius</em></span> <span class='ocrx_word' id='word_1_416' title='bbox 648 1400 721 1445; x_wconf 83' lang='lat' dir='ltr'><em>arsit</em></span> <span class='ocrx_word' id='word_1_417' title='bbox 729 1413 812 1436; x_wconf 89' lang='lat' dir='ltr'><em>mons</em></span> <span class='ocrx_word' id='word_1_418' title='bbox 820 1403 867 1437; x_wconf 84' lang='lat' dir='ltr'><em>ille</em></span> <span class='ocrx_word' id='word_1_419' title='bbox 875 1428 884 1436; x_wconf 83' lang='lat'><strong>.</strong></span> <span class='ocrx_word' id='word_1_420' title='bbox 909 1405 1049 1439; x_wconf 74' lang='lat' dir='ltr'><em>Maxime</em></span> <span class='ocrx_word' id='word_1_421' title='bbox 1056 1414 1156 1439; x_wconf 86' lang='lat' dir='ltr'><em>autem</em></span> <span class='ocrx_word' id='word_1_422' title='bbox 1162 1404 1222 1448; x_wconf 79' lang='lat' dir='ltr'><em>sub</em></span> <span class='ocrx_word' id='word_1_423' title='bbox 1245 1408 1325 1440; x_wconf 87' lang='lat' dir='ltr'><em>Tito.</em></span> <span class='ocrx_word' id='word_1_424' title='bbox 1344 1408 1401 1440; x_wconf 85' lang='lat' dir='ltr'><em>Sed</em></span> <span class='ocrx_word' id='word_1_425' title='bbox 1408 1417 1454 1440; x_wconf 88' lang='lat' dir='ltr'><em>me</em></span> <span class='ocrx_word' id='word_1_426' title='bbox 1453 1404 1602 1450; x_wconf 82' lang='lat' dir='ltr'><em>scribente</em></span> <span class='ocrx_word' id='word_1_427' title='bbox 1612 1411 1653 1445; x_wconf 56' lang='grc' dir='ltr'><em>ά*</em></span> <span class='ocrx_word' id='word_1_428' title='bbox 1670 1414 1758 1452; x_wconf 83' lang='lat' dir='ltr'><em>typos</em></span> <span class='ocrx_word' id='word_1_429' title='bbox 1765 1406 1934 1449; x_wconf 81' lang='lat' dir='ltr'><em>corrigente</em></span> <span class='ocrx_word' id='word_1_430' title='bbox 1950 1405 2076 1441; x_wconf 83' lang='lat' dir='ltr'><em>allatum</em></span> 
     </span>
     <span class='ocr_line' id='line_1_29' title="bbox 316 1447 2076 1501; baseline 0.004 -20"><span class='ocrx_word' id='word_1_431' title='bbox 316 1447 355 1490; x_wconf 74' lang='lat' dir='ltr'><em>esi</em></span> <span class='ocrx_word' id='word_1_432' title='bbox 364 1450 528 1482; x_wconf 88' lang='lat' dir='ltr'><em>incendium</em></span> <span class='ocrx_word' id='word_1_433' title='bbox 537 1451 627 1496; x_wconf 77' lang='lat' dir='ltr'><em>usque</em></span> <span class='ocrx_word' id='word_1_434' title='bbox 636 1452 675 1483; x_wconf 74' lang='lat' dir='ltr'><em>ar!</em></span> <span class='ocrx_word' id='word_1_435' title='bbox 683 1451 783 1484; x_wconf 88' lang='lat' dir='ltr'><em>decem</em></span> <span class='ocrx_word' id='word_1_436' title='bbox 791 1452 880 1485; x_wconf 82' lang='lat' dir='ltr'><em>millia</em></span> <span class='ocrx_word' id='word_1_437' title='bbox 884 1452 985 1498; x_wconf 76' lang='lat' dir='ltr'><em>paffies</em></span> <span class='ocrx_word' id='word_1_438' title='bbox 991 1462 1135 1501; x_wconf 84' lang='lat' dir='ltr'><em>tanquam</em></span> <span class='ocrx_word' id='word_1_439' title='bbox 1137 1453 1267 1498; x_wconf 83' lang='lat' dir='ltr'><em>fluuium</em></span> <span class='ocrx_word' id='word_1_440' title='bbox 1274 1453 1429 1498; x_wconf 77' lang='lat' dir='ltr'><em>cucurriffi·</em></span> <span class='ocrx_word' id='word_1_441' title='bbox 1439 1477 1449 1492; x_wconf 86' lang='lat'>‚</span> <span class='ocrx_word' id='word_1_442' title='bbox 1460 1460 1502 1494; x_wconf 63' lang='lat' dir='ltr'><em>(y</em></span> <span class='ocrx_word' id='word_1_443' title='bbox 1509 1455 1658 1489; x_wconf 68' lang='lat' dir='ltr'><em>extinctos</em></span> <span class='ocrx_word' id='word_1_444' title='bbox 1664 1455 1796 1500; x_wconf 86' lang='lat' dir='ltr'><em>pumices</em></span> <span class='ocrx_word' id='word_1_445' title='bbox 1804 1453 1845 1486; x_wconf 84' lang='lat' dir='ltr'><em>ad</em></span> <span class='ocrx_word' id='word_1_446' title='bbox 1849 1453 1954 1496; x_wconf 75' lang='lat' dir='ltr'><em>fimum</em></span> <span class='ocrx_word' id='word_1_447' title='bbox 1962 1456 2076 1501; x_wconf 84' lang='lat' dir='ltr'><em>pedum</em></span> 
     </span>
     <span class='ocr_line' id='line_1_30' title="bbox 315 1497 2072 1550; baseline 0.003 -19"><span class='ocrx_word' id='word_1_448' title='bbox 315 1497 478 1532; x_wconf 79' lang='lat' dir='ltr'><em>altitudine</em></span> <span class='ocrx_word' id='word_1_449' title='bbox 487 1497 634 1544; x_wconf 79' lang='lat' dir='ltr'><em>reliquiſje</em></span> <span class='ocrx_word' id='word_1_450' title='bbox 644 1523 654 1532; x_wconf 91' lang='lat'><strong>.</strong></span> <span class='ocrx_word' id='word_1_451' title='bbox 663 1505 710 1533; x_wconf 88' lang='lat' dir='ltr'><em>De</em></span> <span class='ocrx_word' id='word_1_452' title='bbox 717 1505 755 1534; x_wconf 88' lang='lat' dir='ltr'><em>M</em></span> <span class='ocrx_word' id='word_1_453' title='bbox 751 1499 819 1546; x_wconf 71' lang='lat' dir='ltr'><em>ysiae</em></span> <span class='ocrx_word' id='word_1_454' title='bbox 827 1500 950 1535; x_wconf 80' lang='lat' dir='ltr'><em>collibus</em></span> <span class='ocrx_word' id='word_1_455' title='bbox 958 1503 1072 1537; x_wconf 84' lang='lat' dir='ltr'><em>dicetur</em></span> <span class='ocrx_word' id='word_1_456' title='bbox 1082 1512 1150 1550; x_wconf 88' lang='lat' dir='ltr'><em>cap.</em></span> <span class='ocrx_word' id='word_1_457' title='bbox 1162 1505 1265 1538; x_wconf 78' lang='lat' dir='ltr'><em>tertio,</em></span> <span class='ocrx_word' id='word_1_458' title='bbox 1276 1501 1331 1538; x_wconf 86' lang='lat' dir='ltr'><em>lib.</em></span> <span class='ocrx_word' id='word_1_459' title='bbox 1341 1504 1451 1538; x_wconf 68' lang='lat' dir='ltr'><em>ottaui.</em></span> <span class='ocrx_word' id='word_1_460' title='bbox 1462 1501 1618 1541; x_wconf 80' lang='lat' dir='ltr'><em>Concludit</em></span> <span class='ocrx_word' id='word_1_461' title='bbox 1627 1511 1728 1537; x_wconf 82' lang='lat' dir='ltr'><em>autem</em></span> <span class='ocrx_word' id='word_1_462' title='bbox 1738 1508 1768 1537; x_wconf 93' lang='lat' dir='ltr'><em>V</em></span> <span class='ocrx_word' id='word_1_463' title='bbox 1769 1503 1821 1535; x_wconf 76' lang='lat' dir='ltr'><em>itr-</em></span> <span class='ocrx_word' id='word_1_464' title='bbox 1833 1503 1914 1549; x_wconf 88' lang='lat' dir='ltr'><em>quod</em></span> <span class='ocrx_word' id='word_1_465' title='bbox 1915 1501 2072 1549; x_wconf 84' lang='lat' dir='ltr'><em>probauit.</em></span> 
     </span>
    </p>

    <p class='ocr_par' dir='ltr' id='par_1_8' title="bbox 313 1546 2076 1841">
     <span class='ocr_line' id='line_1_31' title="bbox 367 1546 2075 1597; baseline 0.005 -20"><span class='ocrx_word' id='word_1_466' title='bbox 367 1547 387 1579; x_wconf 91' lang='lat' dir='ltr'><strong>S</strong></span> <span class='ocrx_word' id='word_1_467' title='bbox 400 1558 412 1579; x_wconf 86' lang='lat'>1</span> <span class='ocrx_word' id='word_1_468' title='bbox 442 1557 522 1592; x_wconf 83' lang='lat' dir='ltr'><em>ergo</em></span> <span class='ocrx_word' id='word_1_469' title='bbox 532 1547 566 1579; x_wconf 89' lang='lat' dir='ltr'><em>in</em></span> <span class='ocrx_word' id='word_1_470' title='bbox 577 1546 624 1580; x_wconf 82' lang='lat' dir='ltr'><em>his</em></span> <span class='ocrx_word' id='word_1_471' title='bbox 636 1547 716 1581; x_wconf 90' lang='lat' dir='ltr'><em>locis</em></span> <span class='ocrx_word' id='word_1_472' title='bbox 726 1560 881 1595; x_wconf 85' lang='lat' dir='ltr'><em>aquarum</em></span> <span class='ocrx_word' id='word_1_473' title='bbox 891 1547 1052 1585; x_wconf 88' lang='lat' dir='ltr'><em>feruentes</em></span> <span class='ocrx_word' id='word_1_474' title='bbox 1061 1553 1272 1586; x_wconf 87' lang='lat' dir='ltr'><em>inueniuntur</em></span> <span class='ocrx_word' id='word_1_475' title='bbox 1283 1550 1391 1586; x_wconf 86' lang='lat' dir='ltr'><em>fontes</em></span> <span class='ocrx_word' id='word_1_476' title='bbox 1406 1574 1415 1590; x_wconf 91' lang='lat'><strong>,</strong></span> <span class='ocrx_word' id='word_1_477' title='bbox 1425 1557 1457 1587; x_wconf 62' lang='grc' dir='ltr'><em>ὅ(</em></span> <span class='ocrx_word' id='word_1_478' title='bbox 1468 1553 1499 1586; x_wconf 89' lang='lat' dir='ltr'><em>in</em></span> <span class='ocrx_word' id='word_1_479' title='bbox 1511 1551 1679 1586; x_wconf 85' lang='lat' dir='ltr'><em>montibus</em></span> <span class='ocrx_word' id='word_1_480' title='bbox 1689 1550 1846 1590; x_wconf 82' lang='lat' dir='ltr'><em>excauatis</em></span> <span class='ocrx_word' id='word_1_481' title='bbox 1868 1551 1962 1585; x_wconf 85' lang='lat' dir='ltr'><em>calidi</em></span> <span class='ocrx_word' id='word_1_482' title='bbox 1973 1563 2075 1597; x_wconf 77' lang='lat' dir='ltr'><em>uapo—</em></span> 
     </span>
     <span class='ocr_line' id='line_1_32' title="bbox 315 1592 2072 1648; baseline 0.002 -18"><span class='ocrx_word' id='word_1_483' title='bbox 315 1592 507 1641; x_wconf 73' lang='lat' dir='ltr'><em>res‚ipsac&#39;1uc</em></span> <span class='ocrx_word' id='word_1_484' title='bbox 520 1596 590 1628; x_wconf 90' lang='lat' dir='ltr'><em>loca</em></span> <span class='ocrx_word' id='word_1_485' title='bbox 603 1596 642 1629; x_wconf 83' lang='lat' dir='ltr'><em>ab</em></span> <span class='ocrx_word' id='word_1_486' title='bbox 657 1597 797 1644; x_wconf 82' lang='lat' dir='ltr'><em>antiquis</em></span> <span class='ocrx_word' id='word_1_487' title='bbox 808 1610 1029 1633; x_wconf 80' lang='lat' dir='ltr'><em>memorantur</em></span> <span class='ocrx_word' id='word_1_488' title='bbox 1039 1611 1250 1648; x_wconf 84' lang='lat' dir='ltr'><em>peruagantes</em></span> <span class='ocrx_word' id='word_1_489' title='bbox 1258 1601 1290 1633; x_wconf 87' lang='lat' dir='ltr'><em>in</em></span> <span class='ocrx_word' id='word_1_490' title='bbox 1300 1601 1385 1647; x_wconf 83' lang='lat' dir='ltr'><em>agris</em></span> <span class='ocrx_word' id='word_1_491' title='bbox 1396 1597 1536 1636; x_wconf 77' lang='lat' dir='ltr'><em>habuifle</em></span> <span class='ocrx_word' id='word_1_492' title='bbox 1546 1599 1678 1639; x_wconf 85' lang='lat' dir='ltr'><em>odores,</em></span> <span class='ocrx_word' id='word_1_493' title='bbox 1689 1599 1819 1634; x_wconf 83' lang='lat' dir='ltr'><em>uidetur</em></span> <span class='ocrx_word' id='word_1_494' title='bbox 1829 1597 1886 1632; x_wconf 86' lang='lat' dir='ltr'><em>esse</em></span> <span class='ocrx_word' id='word_1_495' title='bbox 1899 1610 2023 1633; x_wconf 85' lang='lat' dir='ltr'><em>certum</em></span> <span class='ocrx_word' id='word_1_496' title='bbox 2032 1599 2072 1633; x_wconf 87' lang='lat' dir='ltr'><em>ab</em></span> 
     </span>
     <span class='ocr_line' id='line_1_33' title="bbox 315 1644 2076 1695; baseline 0.003 -17"><span class='ocrx_word' id='word_1_497' title='bbox 315 1645 402 1689; x_wconf 88' lang='lat' dir='ltr'><em>ignis</em></span> <span class='ocrx_word' id='word_1_498' title='bbox 414 1644 627 1682; x_wconf 58' lang='lat' dir='ltr'><em>adimentia,</em></span> <span class='ocrx_word' id='word_1_499' title='bbox 637 1656 673 1678; x_wconf 91' lang='lat' dir='ltr'><em>ex</em></span> <span class='ocrx_word' id='word_1_500' title='bbox 685 1645 802 1691; x_wconf 84' lang='lat' dir='ltr'><em>topho,</em></span> <span class='ocrx_word' id='word_1_501' title='bbox 812 1657 959 1692; x_wconf 86' lang='lat' dir='ltr'><em>terraque</em></span> <span class='ocrx_word' id='word_1_502' title='bbox 975 1657 986 1688; x_wconf 88' lang='grc'>(</span> <span class='ocrx_word' id='word_1_503' title='bbox 997 1649 1274 1695; x_wconf 85' lang='lat' dir='ltr'><em>quemadmodum</em></span> <span class='ocrx_word' id='word_1_504' title='bbox 1284 1649 1318 1683; x_wconf 90' lang='lat' dir='ltr'><em>in</em></span> <span class='ocrx_word' id='word_1_505' title='bbox 1329 1647 1515 1684; x_wconf 84' lang='lat' dir='ltr'><em>fornacibus</em></span> <span class='ocrx_word' id='word_1_506' title='bbox 1525 1653 1556 1684; x_wconf 68' lang='grc' dir='ltr'><em>δι</em></span> <span class='ocrx_word' id='word_1_507' title='bbox 1568 1662 1585 1683; x_wconf 85' lang='lat' dir='ltr'><em>a</em></span> <span class='ocrx_word' id='word_1_508' title='bbox 1594 1650 1699 1685; x_wconf 88' lang='lat' dir='ltr'><em>calce)</em></span> <span class='ocrx_word' id='word_1_509' title='bbox 1713 1648 1756 1682; x_wconf 88' lang='lat' dir='ltr'><em>ita</em></span> <span class='ocrx_word' id='word_1_510' title='bbox 1767 1659 1803 1681; x_wconf 88' lang='lat' dir='ltr'><em>ex</em></span> <span class='ocrx_word' id='word_1_511' title='bbox 1811 1647 1860 1681; x_wconf 89' lang='lat' dir='ltr'><em>his</em></span> <span class='ocrx_word' id='word_1_512' title='bbox 1869 1659 2018 1694; x_wconf 86' lang='lat' dir='ltr'><em>ereptum</em></span> <span class='ocrx_word' id='word_1_513' title='bbox 2028 1648 2076 1683; x_wconf 90' lang='lat' dir='ltr'><em>es-</em></span> 
     </span>
     <span class='ocr_line' id='line_1_34' title="bbox 315 1691 2074 1744; baseline 0.003 -18"><span class='ocrx_word' id='word_1_514' title='bbox 315 1691 344 1726; x_wconf 89' lang='lat' dir='ltr'><em>se</em></span> <span class='ocrx_word' id='word_1_515' title='bbox 356 1693 519 1739; x_wconf 82' lang='lat' dir='ltr'><em>liquorem</em></span> <span class='ocrx_word' id='word_1_516' title='bbox 531 1717 540 1726; x_wconf 91' lang='lat'><strong>.</strong></span> <span class='ocrx_word' id='word_1_517' title='bbox 566 1693 670 1739; x_wconf 75' lang='lat' dir='ltr'><em>Igitur</em></span> <span class='ocrx_word' id='word_1_518' title='bbox 679 1693 888 1729; x_wconf 85' lang='lat' dir='ltr'><em>dissimilibus</em></span> <span class='ocrx_word' id='word_1_519' title='bbox 898 1718 908 1734; x_wconf 86' lang='lat'>,</span> <span class='ocrx_word' id='word_1_520' title='bbox 917 1700 949 1731; x_wconf 89' lang='lat'>&amp;</span> <span class='ocrx_word' id='word_1_521' title='bbox 959 1696 1135 1743; x_wconf 85' lang='lat' dir='ltr'><em>disparibus</em></span> <span class='ocrx_word' id='word_1_522' title='bbox 1147 1697 1240 1731; x_wconf 84' lang='lat' dir='ltr'><em>rebus</em></span> <span class='ocrx_word' id='word_1_523' title='bbox 1251 1698 1405 1744; x_wconf 83' lang='lat' dir='ltr'><em>correptis</em></span> <span class='ocrx_word' id='word_1_524' title='bbox 1415 1721 1426 1738; x_wconf 88' lang='lat'>‚</span> <span class='ocrx_word' id='word_1_525' title='bbox 1436 1699 1510 1732; x_wconf 89' lang='lat' dir='ltr'><em>&amp;in</em></span> <span class='ocrx_word' id='word_1_526' title='bbox 1519 1711 1580 1732; x_wconf 86' lang='lat' dir='ltr'><em>una</em></span> <span class='ocrx_word' id='word_1_527' title='bbox 1591 1697 1783 1744; x_wconf 85' lang='lat' dir='ltr'><em>potestatem</em></span> <span class='ocrx_word' id='word_1_528' title='bbox 1801 1696 1929 1737; x_wconf 75' lang='lat' dir='ltr'><em>collatis</em></span> <span class='ocrx_word' id='word_1_529' title='bbox 1942 1717 1953 1734; x_wconf 92' lang='lat'>‚</span> <span class='ocrx_word' id='word_1_530' title='bbox 1972 1697 2074 1731; x_wconf 85' lang='lat' dir='ltr'><em>calida</em></span> 
     </span>
     <span class='ocr_line' id='line_1_35' title="bbox 313 1739 2074 1791; baseline 0.003 -18"><span class='ocrx_word' id='word_1_531' title='bbox 313 1739 460 1774; x_wconf 83' lang='lat' dir='ltr'><em>humoris</em></span> <span class='ocrx_word' id='word_1_532' title='bbox 473 1741 604 1775; x_wconf 82' lang='lat' dir='ltr'><em>ieiunias</em></span> <span class='ocrx_word' id='word_1_533' title='bbox 613 1755 693 1790; x_wconf 81' lang='lat' dir='ltr'><em>aqua</em></span> <span class='ocrx_word' id='word_1_534' title='bbox 705 1755 832 1790; x_wconf 87' lang='lat' dir='ltr'><em>repente</em></span> <span class='ocrx_word' id='word_1_535' title='bbox 849 1741 956 1779; x_wconf 78' lang='lat' dir='ltr'><em>satiata</em></span> <span class='ocrx_word' id='word_1_536' title='bbox 966 1769 976 1782; x_wconf 94' lang='lat'>,</span> <span class='ocrx_word' id='word_1_537' title='bbox 993 1746 1224 1779; x_wconf 86' lang='lat' dir='ltr'><em>communibus</em></span> <span class='ocrx_word' id='word_1_538' title='bbox 1239 1745 1432 1791; x_wconf 70' lang='lat' dir='ltr'><em>corporibus</em></span> <span class='ocrx_word' id='word_1_539' title='bbox 1441 1746 1554 1780; x_wconf 81' lang='lat' dir='ltr'><em>latenti</em></span> <span class='ocrx_word' id='word_1_540' title='bbox 1563 1746 1671 1781; x_wconf 88' lang='lat' dir='ltr'><em>calore</em></span> <span class='ocrx_word' id='word_1_541' title='bbox 1694 1741 1907 1779; x_wconf 80' lang='lat' dir='ltr'><em>conferuescit</em></span> <span class='ocrx_word' id='word_1_542' title='bbox 1916 1769 1926 1785; x_wconf 95' lang='lat'>‚</span> <span class='ocrx_word' id='word_1_543' title='bbox 1936 1749 1967 1779; x_wconf 68' lang='grc' dir='ltr'>ἃ</span> <span class='ocrx_word' id='word_1_544' title='bbox 1979 1745 2074 1779; x_wconf 84' lang='lat' dir='ltr'><em>uehe-</em></span> 
     </span>
     <span class='ocr_line' id='line_1_36' title="bbox 317 1787 1539 1841; baseline 0.003 -17"><span class='ocrx_word' id='word_1_545' title='bbox 317 1800 444 1824; x_wconf 86' lang='lat' dir='ltr'><em>menter</em></span> <span class='ocrx_word' id='word_1_546' title='bbox 454 1787 554 1823; x_wconf 82' lang='lat' dir='ltr'><em>efficit</em></span> <span class='ocrx_word' id='word_1_547' title='bbox 565 1802 600 1824; x_wconf 86' lang='lat' dir='ltr'><em>ca</em></span> <span class='ocrx_word' id='word_1_548' title='bbox 611 1793 710 1829; x_wconf 85' lang='lat' dir='ltr'><em>coire,</em></span> <span class='ocrx_word' id='word_1_549' title='bbox 723 1793 929 1841; x_wconf 67' lang='lat' dir='ltr'><em>celeriterque</em></span> <span class='ocrx_word' id='word_1_550' title='bbox 940 1806 1000 1828; x_wconf 86' lang='lat' dir='ltr'><em>una</em></span> <span class='ocrx_word' id='word_1_551' title='bbox 1010 1793 1178 1829; x_wconf 82' lang='lat' dir='ltr'><em>soliditatis</em></span> <span class='ocrx_word' id='word_1_552' title='bbox 1191 1793 1354 1839; x_wconf 76' lang='lat' dir='ltr'><em>percipere</em></span> <span class='ocrx_word' id='word_1_553' title='bbox 1366 1793 1518 1835; x_wconf 83' lang='lat' dir='ltr'><em>uirtutem</em></span> <span class='ocrx_word' id='word_1_554' title='bbox 1529 1818 1539 1828; x_wconf 86' lang='lat'><strong>.</strong></span> 
     </span>
    </p>

    <p class='ocr_par' dir='ltr' id='par_1_9' title="bbox 320 1839 2074 1932">
     <span class='ocr_line' id='line_1_37' title="bbox 363 1839 2074 1892; baseline 0.005 -21"><span class='ocrx_word' id='word_1_555' title='bbox 363 1839 516 1872; x_wconf 68' lang='lat' dir='ltr'><em>Hactenus</em></span> <span class='ocrx_word' id='word_1_556' title='bbox 524 1840 670 1873; x_wconf 88' lang='lat' dir='ltr'><em>rationem</em></span> <span class='ocrx_word' id='word_1_557' title='bbox 671 1840 757 1883; x_wconf 61' lang='lat' dir='ltr'><em>fitam</em></span> <span class='ocrx_word' id='word_1_558' title='bbox 759 1841 999 1888; x_wconf 75' lang='lat' dir='ltr'><em>fignificantibus</em></span> <span class='ocrx_word' id='word_1_559' title='bbox 1006 1841 1105 1879; x_wconf 85' lang='lat' dir='ltr'><em>uerbis</em></span> <span class='ocrx_word' id='word_1_560' title='bbox 1108 1841 1580 1892; x_wconf 67' lang='lat' dir='ltr'><em>significauit,coclufitquc‚quod</em></span> <span class='ocrx_word' id='word_1_561' title='bbox 1584 1841 1747 1892; x_wconf 78' lang='lat' dir='ltr'><em>proposuit,</em></span> <span class='ocrx_word' id='word_1_562' title='bbox 1761 1854 1837 1878; x_wconf 90' lang='lat' dir='ltr'><em>nunc</em></span> <span class='ocrx_word' id='word_1_563' title='bbox 1845 1843 1886 1878; x_wconf 87' lang='lat' dir='ltr'><em>ad</em></span> <span class='ocrx_word' id='word_1_564' title='bbox 1892 1841 1984 1878; x_wconf 84' lang='lat' dir='ltr'><em>aliam</em></span> <span class='ocrx_word' id='word_1_565' title='bbox 1994 1854 2074 1891; x_wconf 72' lang='lat' dir='ltr'><em>quat,—</em></span> 
     </span>
     <span class='ocr_line' id='line_1_38' title="bbox 320 1886 578 1932; baseline 0 -10"><span class='ocrx_word' id='word_1_566' title='bbox 320 1888 446 1922; x_wconf 66' lang='lat' dir='ltr'><em>flionem</em></span> <span class='ocrx_word' id='word_1_567' title='bbox 453 1886 559 1932; x_wconf 74' lang='lat' dir='ltr'><em>transit</em></span> <span class='ocrx_word' id='word_1_568' title='bbox 568 1912 578 1922; x_wconf 88' lang='lat'><strong>.</strong></span> 
     </span>
    </p>

    <p class='ocr_par' dir='ltr' id='par_1_10' title="bbox 306 1936 2072 2765">
     <span class='ocr_line' id='line_1_39' title="bbox 362 1936 2072 1988; baseline 0.002 -18"><span class='ocrx_word' id='word_1_569' title='bbox 362 1936 395 1970; x_wconf 90' lang='lat' dir='ltr'>R</span> <span class='ocrx_word' id='word_1_570' title='bbox 406 1947 424 1969; x_wconf 76' lang='grc' dir='ltr'>ε</span> <span class='ocrx_word' id='word_1_571' title='bbox 438 1948 458 1969; x_wconf 84' lang='lat'><em>1.</em></span> <span class='ocrx_word' id='word_1_572' title='bbox 472 1946 484 1968; x_wconf 89' lang='lat'>1</span> <span class='ocrx_word' id='word_1_573' title='bbox 499 1948 521 1969; x_wconf 80' lang='lat' dir='ltr'>N</span> <span class='ocrx_word' id='word_1_574' title='bbox 535 1949 590 1980; x_wconf 66' lang='lat' dir='ltr'><em>Qv</em></span> <span class='ocrx_word' id='word_1_575' title='bbox 603 1949 623 1972; x_wconf 80' lang='grc' dir='ltr'>ε</span> <span class='ocrx_word' id='word_1_576' title='bbox 636 1951 687 1974; x_wconf 86' lang='grc' dir='ltr'><em>τν</em></span> <span class='ocrx_word' id='word_1_577' title='bbox 699 1951 722 1975; x_wconf 74' lang='lat' dir='ltr'>R</span> <span class='ocrx_word' id='word_1_578' title='bbox 750 1939 1076 1988; x_wconf 74' lang='lat' dir='ltr'><em>desideratio,quoni5</em></span> <span class='ocrx_word' id='word_1_579' title='bbox 1088 1942 1130 1975; x_wconf 80' lang='lat' dir='ltr'><em>ita</em></span> <span class='ocrx_word' id='word_1_580' title='bbox 1141 1938 1256 1976; x_wconf 81' lang='lat' dir='ltr'><em>suntin</em></span> <span class='ocrx_word' id='word_1_581' title='bbox 1275 1941 1428 1976; x_wconf 86' lang='lat' dir='ltr'><em>Hetruria</em></span> <span class='ocrx_word' id='word_1_582' title='bbox 1439 1953 1476 1975; x_wconf 81' lang='lat' dir='ltr'><em>ex</em></span> <span class='ocrx_word' id='word_1_583' title='bbox 1487 1954 1568 1988; x_wconf 84' lang='lat' dir='ltr'><em>aqua</em></span> <span class='ocrx_word' id='word_1_584' title='bbox 1578 1940 1681 1975; x_wconf 85' lang='lat' dir='ltr'><em>calida</em></span> <span class='ocrx_word' id='word_1_585' title='bbox 1697 1939 1800 1975; x_wconf 87' lang='lat' dir='ltr'><em>crebri</em></span> <span class='ocrx_word' id='word_1_586' title='bbox 1810 1940 1932 1976; x_wconf 85' lang='lat' dir='ltr'><em>fontes.-</em></span> <span class='ocrx_word' id='word_1_587' title='bbox 1962 1941 2016 1975; x_wconf 90' lang='lat' dir='ltr'><em>uid</em></span> <span class='ocrx_word' id='word_1_588' title='bbox 2028 1941 2072 1979; x_wconf 74' lang='lat' dir='ltr'><em>ita</em></span> 
     </span>
     <span class='ocr_line' id='line_1_40' title="bbox 311 1955 2072 2038; baseline 0.004 -21"><span class='ocrx_word' id='word_1_589' title='bbox 311 1996 379 2020; x_wconf 87' lang='lat' dir='ltr'><em>non</em></span> <span class='ocrx_word' id='word_1_590' title='bbox 389 1985 486 2018; x_wconf 84' lang='lat' dir='ltr'><em>etiam</em></span> <span class='ocrx_word' id='word_1_591' title='bbox 495 1985 541 2020; x_wconf 89' lang='lat' dir='ltr'><em>ibi</em></span> <span class='ocrx_word' id='word_1_592' title='bbox 551 1985 689 2023; x_wconf 84' lang='lat' dir='ltr'><em>nascitur</em></span> <span class='ocrx_word' id='word_1_593' title='bbox 709 1989 815 2036; x_wconf 85' lang='lat' dir='ltr'><em>puluis</em></span> <span class='ocrx_word' id='word_1_594' title='bbox 830 2013 839 2028; x_wconf 90' lang='lat'>,</span> <span class='ocrx_word' id='word_1_595' title='bbox 849 2001 866 2023; x_wconf 88' lang='lat' dir='ltr'><em>e</em></span> <span class='ocrx_word' id='word_1_596' title='bbox 887 2002 955 2037; x_wconf 90' lang='lat' dir='ltr'><em>quo</em></span> <span class='ocrx_word' id='word_1_597' title='bbox 977 1990 1087 2024; x_wconf 89' lang='lat' dir='ltr'><em>eadem</em></span> <span class='ocrx_word' id='word_1_598' title='bbox 1105 1991 1229 2024; x_wconf 84' lang='lat' dir='ltr'><em>ratione</em></span> <span class='ocrx_word' id='word_1_599' title='bbox 1241 1988 1295 2024; x_wconf 89' lang='lat' dir='ltr'><em>sub</em></span> <span class='ocrx_word' id='word_1_600' title='bbox 1308 2003 1389 2038; x_wconf 86' lang='lat' dir='ltr'><em>aqua</em></span> <span class='ocrx_word' id='word_1_601' title='bbox 1409 1988 1566 2024; x_wconf 68' lang='lat' dir='ltr'><em>structura</em></span> <span class='ocrx_word' id='word_1_602' title='bbox 1575 1987 1742 2023; x_wconf 85' lang='lat' dir='ltr'><em>solidescat</em></span> <span class='ocrx_word' id='word_1_603' title='bbox 1753 1989 1770 2023; x_wconf 63' lang='grc' dir='ltr'><em>,ἱ</em></span> <span class='ocrx_word' id='word_1_604' title='bbox 1788 1989 1896 2035; x_wconf 88' lang='lat' dir='ltr'><em>itaque</em></span> <span class='ocrx_word' id='word_1_605' title='bbox 1914 1955 2015 2023; x_wconf 64' lang='lat' dir='ltr'><em>uici&#39;um</em></span> <span class='ocrx_word' id='word_1_606' title='bbox 2025 1989 2072 2024; x_wconf 87' lang='lat' dir='ltr'><em>est</em></span> 
     </span>
     <span class='ocr_line' id='line_1_41' title="bbox 313 2032 2071 2085; baseline 0.003 -19"><span class='ocrx_word' id='word_1_607' title='bbox 313 2032 488 2080; x_wconf 67' lang='lat' dir='ltr'><em>antequam</em></span> <span class='ocrx_word' id='word_1_608' title='bbox 498 2033 727 2071; x_wconf 81' lang='lat' dir='ltr'><em>desideraretur</em></span> <span class='ocrx_word' id='word_1_609' title='bbox 736 2060 747 2076; x_wconf 90' lang='lat'>‚</span> <span class='ocrx_word' id='word_1_610' title='bbox 755 2037 795 2072; x_wconf 90' lang='lat' dir='ltr'><em>de</em></span> <span class='ocrx_word' id='word_1_611' title='bbox 804 2039 842 2083; x_wconf 78' lang='lat' dir='ltr'><em>ijs</em></span> <span class='ocrx_word' id='word_1_612' title='bbox 851 2037 959 2078; x_wconf 86' lang='lat' dir='ltr'><em>rebus,</em></span> <span class='ocrx_word' id='word_1_613' title='bbox 971 2039 1247 2085; x_wconf 87' lang='lat' dir='ltr'><em>quemadmodum</em></span> <span class='ocrx_word' id='word_1_614' title='bbox 1257 2036 1318 2073; x_wconf 76' lang='lat' dir='ltr'><em>ess&#39;c</em></span> <span class='ocrx_word' id='word_1_615' title='bbox 1330 2038 1517 2077; x_wconf 78' lang='lat' dir='ltr'><em>uideantur,</em></span> <span class='ocrx_word' id='word_1_616' title='bbox 1533 2049 1694 2085; x_wconf 85' lang='lat' dir='ltr'><em>exponere</em></span> <span class='ocrx_word' id='word_1_617' title='bbox 1705 2061 1715 2072; x_wconf 89' lang='lat'><em>.</em></span> <span class='ocrx_word' id='word_1_618' title='bbox 1735 2037 1903 2071; x_wconf 86' lang='lat' dir='ltr'><em>Omnibus</em></span> <span class='ocrx_word' id='word_1_619' title='bbox 1925 2039 2005 2071; x_wconf 86' lang='lat' dir='ltr'><em>locis</em></span> <span class='ocrx_word' id='word_1_620' title='bbox 2015 2063 2026 2077; x_wconf 84' lang='lat'>,</span> <span class='ocrx_word' id='word_1_621' title='bbox 2037 2043 2071 2072; x_wconf 86' lang='lat'>&amp;</span> 
     </span>
     <span class='ocr_line' id='line_1_42' title="bbox 314 2081 2067 2135; baseline 0.005 -19"><span class='ocrx_word' id='word_1_622' title='bbox 314 2081 506 2129; x_wconf 78' lang='lat' dir='ltr'><em>regionibus</em></span> <span class='ocrx_word' id='word_1_623' title='bbox 515 2095 583 2118; x_wconf 90' lang='lat' dir='ltr'><em>non</em></span> <span class='ocrx_word' id='word_1_624' title='bbox 594 2085 703 2120; x_wconf 87' lang='lat' dir='ltr'><em>eadem</em></span> <span class='ocrx_word' id='word_1_625' title='bbox 713 2098 830 2135; x_wconf 86' lang='lat' dir='ltr'><em>genera</em></span> <span class='ocrx_word' id='word_1_626' title='bbox 841 2098 932 2121; x_wconf 87' lang='lat' dir='ltr'><em>terrae</em></span> <span class='ocrx_word' id='word_1_627' title='bbox 942 2110 952 2127; x_wconf 92' lang='lat'><strong>,</strong></span> <span class='ocrx_word' id='word_1_628' title='bbox 963 2100 1021 2122; x_wconf 92' lang='lat' dir='ltr'><em>nec</em></span> <span class='ocrx_word' id='word_1_629' title='bbox 1033 2087 1150 2134; x_wconf 86' lang='lat' dir='ltr'><em>lapides</em></span> <span class='ocrx_word' id='word_1_630' title='bbox 1159 2087 1329 2122; x_wconf 86' lang='lat' dir='ltr'><em>nascuntur</em></span> <span class='ocrx_word' id='word_1_631' title='bbox 1340 2102 1349 2122; x_wconf 84' lang='lat'><strong><em>:</em></strong></span> <span class='ocrx_word' id='word_1_632' title='bbox 1361 2086 1410 2122; x_wconf 87' lang='lat' dir='ltr'><em>sed</em></span> <span class='ocrx_word' id='word_1_633' title='bbox 1422 2088 1576 2120; x_wconf 86' lang='lat' dir='ltr'><em>nonnulla</em></span> <span class='ocrx_word' id='word_1_634' title='bbox 1587 2085 1716 2123; x_wconf 82' lang='lat' dir='ltr'><em>terrosa,</em></span> <span class='ocrx_word' id='word_1_635' title='bbox 1725 2085 1783 2119; x_wconf 78' lang='lat' dir='ltr'><em>alia</em></span> <span class='ocrx_word' id='word_1_636' title='bbox 1794 2083 2067 2134; x_wconf 74' lang='lat' dir='ltr'><em>sabulosa,item&lt;&#39;1;</em></span> 
     </span>
     <span class='ocr_line' id='line_1_43' title="bbox 314 2129 2070 2182; baseline 0.002 -18"><span class='ocrx_word' id='word_1_637' title='bbox 314 2129 542 2178; x_wconf 81' lang='lat' dir='ltr'><em>glareosa,alijs</em></span> <span class='ocrx_word' id='word_1_638' title='bbox 555 2134 636 2168; x_wconf 87' lang='lat' dir='ltr'><em>locis</em></span> <span class='ocrx_word' id='word_1_639' title='bbox 649 2135 852 2174; x_wconf 69' lang='lat' dir='ltr'><em>arenosamec</em></span> <span class='ocrx_word' id='word_1_640' title='bbox 862 2136 968 2170; x_wconf 87' lang='lat' dir='ltr'><em>minus</em></span> <span class='ocrx_word' id='word_1_641' title='bbox 977 2137 1045 2181; x_wconf 83' lang='lat' dir='ltr'><em>alijs</em></span> <span class='ocrx_word' id='word_1_642' title='bbox 1055 2135 1189 2174; x_wconf 88' lang='lat' dir='ltr'><em>diuersa,</em></span> <span class='ocrx_word' id='word_1_643' title='bbox 1200 2140 1231 2171; x_wconf 87' lang='lat'>&amp;</span> <span class='ocrx_word' id='word_1_644' title='bbox 1241 2137 1378 2170; x_wconf 85' lang='lat' dir='ltr'><em>omnino</em></span> <span class='ocrx_word' id='word_1_645' title='bbox 1387 2135 1542 2174; x_wconf 82' lang='lat' dir='ltr'><em>dissimili,</em></span> <span class='ocrx_word' id='word_1_646' title='bbox 1555 2131 1735 2182; x_wconf 64' lang='lat' dir='ltr'><em>disparique</em></span> <span class='ocrx_word' id='word_1_647' title='bbox 1747 2146 1876 2181; x_wconf 79' lang='lat' dir='ltr'><em>genere,</em></span> <span class='ocrx_word' id='word_1_648' title='bbox 1886 2147 1921 2169; x_wconf 87' lang='lat' dir='ltr'><em>ut</em></span> <span class='ocrx_word' id='word_1_649' title='bbox 1934 2135 1966 2168; x_wconf 88' lang='lat' dir='ltr'><em>in</em></span> <span class='ocrx_word' id='word_1_650' title='bbox 1977 2137 2070 2182; x_wconf 81' lang='lat' dir='ltr'><em>regio</em></span> 
     </span>
     <span class='ocr_line' id='line_1_44' title="bbox 313 2180 2070 2231; baseline 0.004 -20"><span class='ocrx_word' id='word_1_651' title='bbox 313 2191 393 2212; x_wconf 90' lang='lat' dir='ltr'><em>num</em></span> <span class='ocrx_word' id='word_1_652' title='bbox 405 2180 610 2216; x_wconf 87' lang='lat' dir='ltr'><em>uarietatibus</em></span> <span class='ocrx_word' id='word_1_653' title='bbox 621 2184 788 2229; x_wconf 86' lang='lat' dir='ltr'><em>qualitates</em></span> <span class='ocrx_word' id='word_1_654' title='bbox 798 2182 905 2218; x_wconf 90' lang='lat' dir='ltr'><em>insunt</em></span> <span class='ocrx_word' id='word_1_655' title='bbox 915 2185 947 2218; x_wconf 89' lang='lat' dir='ltr'><em>in</em></span> <span class='ocrx_word' id='word_1_656' title='bbox 957 2196 1039 2219; x_wconf 88' lang='lat' dir='ltr'><em>terra</em></span> <span class='ocrx_word' id='word_1_657' title='bbox 1048 2209 1059 2220; x_wconf 88' lang='lat'><strong>.</strong></span> <span class='ocrx_word' id='word_1_658' title='bbox 1087 2185 1229 2219; x_wconf 86' lang='lat' dir='ltr'><em>Maxime</em></span> <span class='ocrx_word' id='word_1_659' title='bbox 1238 2185 1387 2219; x_wconf 77' lang='lat' dir='ltr'><em>autemid</em></span> <span class='ocrx_word' id='word_1_660' title='bbox 1400 2185 1472 2218; x_wconf 89' lang='lat' dir='ltr'><em>licet</em></span> <span class='ocrx_word' id='word_1_661' title='bbox 1483 2182 1683 2219; x_wconf 67' lang='lat' dir='ltr'><em>considerare</em></span> <span class='ocrx_word' id='word_1_662' title='bbox 1694 2196 1704 2218; x_wconf 87' lang='lat'>:</span> <span class='ocrx_word' id='word_1_663' title='bbox 1724 2183 1814 2230; x_wconf 88' lang='lat' dir='ltr'><em>quod</em></span> <span class='ocrx_word' id='word_1_664' title='bbox 1833 2196 1897 2231; x_wconf 80' lang='lat' dir='ltr'><em>qua</em></span> <span class='ocrx_word' id='word_1_665' title='bbox 1915 2196 2010 2217; x_wconf 90' lang='lat' dir='ltr'><em>mons</em></span> <span class='ocrx_word' id='word_1_666' title='bbox 2020 2189 2070 2218; x_wconf 86' lang='lat' dir='ltr'><em>A-</em></span> 
     </span>
     <span class='ocr_line' id='line_1_45' title="bbox 311 2227 2069 2281; baseline 0.003 -20"><span class='ocrx_word' id='word_1_667' title='bbox 311 2227 470 2274; x_wconf 84' lang='lat' dir='ltr'><em>penninus</em></span> <span class='ocrx_word' id='word_1_668' title='bbox 482 2231 630 2276; x_wconf 83' lang='lat' dir='ltr'><em>regiones</em></span> <span class='ocrx_word' id='word_1_669' title='bbox 642 2233 751 2271; x_wconf 63' lang='lat' dir='ltr'><em>Italiae,</em></span> <span class='ocrx_word' id='word_1_670' title='bbox 761 2231 987 2280; x_wconf 72' lang='lat' dir='ltr'><em>Hetruriaec&#39;lue</em></span> <span class='ocrx_word' id='word_1_671' title='bbox 999 2234 1243 2281; x_wconf 84' lang='lat' dir='ltr'><em>circumcingit,</em></span> <span class='ocrx_word' id='word_1_672' title='bbox 1259 2232 1362 2280; x_wconf 76' lang='lat' dir='ltr'><em>prope</em></span> <span class='ocrx_word' id='word_1_673' title='bbox 1376 2232 1529 2267; x_wconf 88' lang='lat' dir='ltr'><em>omnibus</em></span> <span class='ocrx_word' id='word_1_674' title='bbox 1539 2233 1621 2267; x_wconf 88' lang='lat' dir='ltr'><em>locis</em></span> <span class='ocrx_word' id='word_1_675' title='bbox 1631 2244 1697 2266; x_wconf 88' lang='lat' dir='ltr'><em>non</em></span> <span class='ocrx_word' id='word_1_676' title='bbox 1708 2230 1820 2266; x_wconf 88' lang='lat' dir='ltr'><em>desunt</em></span> <span class='ocrx_word' id='word_1_677' title='bbox 1831 2230 1952 2267; x_wconf 71' lang='lat' dir='ltr'><em>fossicia</em></span> <span class='ocrx_word' id='word_1_678' title='bbox 1960 2245 2069 2267; x_wconf 81' lang='lat' dir='ltr'><em>arena-</em></span> 
     </span>
     <span class='ocr_line' id='line_1_46' title="bbox 309 2277 2066 2328; baseline 0.003 -19"><span class='ocrx_word' id='word_1_679' title='bbox 309 2277 366 2315; x_wconf 85' lang='lat' dir='ltr'><em>ria,</em></span> <span class='ocrx_word' id='word_1_680' title='bbox 379 2287 465 2312; x_wconf 84' lang='lat' dir='ltr'><em>trans</em></span> <span class='ocrx_word' id='word_1_681' title='bbox 476 2280 685 2322; x_wconf 88' lang='lat' dir='ltr'><em>Apenninum</em></span> <span class='ocrx_word' id='word_1_682' title='bbox 695 2293 785 2321; x_wconf 90' lang='lat' dir='ltr'><em>uero,</em></span> <span class='ocrx_word' id='word_1_683' title='bbox 797 2293 866 2328; x_wconf 88' lang='lat' dir='ltr'><em>quae</em></span> <span class='ocrx_word' id='word_1_684' title='bbox 878 2293 948 2328; x_wconf 85' lang='lat' dir='ltr'><em>pars</em></span> <span class='ocrx_word' id='word_1_685' title='bbox 957 2280 1003 2319; x_wconf 85' lang='lat' dir='ltr'><em>est</em></span> <span class='ocrx_word' id='word_1_686' title='bbox 1016 2281 1055 2316; x_wconf 85' lang='lat' dir='ltr'><em>ad</em></span> <span class='ocrx_word' id='word_1_687' title='bbox 1065 2282 1267 2316; x_wconf 85' lang='lat' dir='ltr'><em>Adriaticum</em></span> <span class='ocrx_word' id='word_1_688' title='bbox 1278 2294 1362 2316; x_wconf 84' lang='lat' dir='ltr'><em>marc</em></span> <span class='ocrx_word' id='word_1_689' title='bbox 1373 2282 1457 2315; x_wconf 84' lang='lat' dir='ltr'><em>nulla</em></span> <span class='ocrx_word' id='word_1_690' title='bbox 1476 2281 1683 2316; x_wconf 83' lang='lat' dir='ltr'><em>inueniuntur</em></span> <span class='ocrx_word' id='word_1_691' title='bbox 1693 2305 1702 2315; x_wconf 88' lang='lat'>.</span> <span class='ocrx_word' id='word_1_692' title='bbox 1723 2286 1807 2314; x_wconf 78' lang='lat' dir='ltr'><em>Item</em></span> <span class='ocrx_word' id='word_1_693' title='bbox 1823 2281 1961 2320; x_wconf 66' lang='lat' dir='ltr'><em>Achaia,</em></span> <span class='ocrx_word' id='word_1_694' title='bbox 1972 2281 2045 2315; x_wconf 84' lang='lat' dir='ltr'><em>Afia</em></span> <span class='ocrx_word' id='word_1_695' title='bbox 2054 2306 2066 2321; x_wconf 92' lang='lat'><strong>,</strong></span> 
     </span>
     <span class='ocr_line' id='line_1_47' title="bbox 308 2325 2066 2377; baseline 0.004 -20"><span class='ocrx_word' id='word_1_696' title='bbox 308 2327 341 2359; x_wconf 89' lang='lat'>&amp;</span> <span class='ocrx_word' id='word_1_697' title='bbox 351 2325 491 2359; x_wconf 90' lang='lat' dir='ltr'><em>omnino</em></span> <span class='ocrx_word' id='word_1_698' title='bbox 502 2338 586 2361; x_wconf 86' lang='lat' dir='ltr'><em>trans</em></span> <span class='ocrx_word' id='word_1_699' title='bbox 596 2340 681 2362; x_wconf 89' lang='lat' dir='ltr'><em>mare</em></span> <span class='ocrx_word' id='word_1_700' title='bbox 690 2341 729 2363; x_wconf 89' lang='lat' dir='ltr'><em>ne</em></span> <span class='ocrx_word' id='word_1_701' title='bbox 738 2331 951 2364; x_wconf 85' lang='lat' dir='ltr'><em>nominantur</em></span> <span class='ocrx_word' id='word_1_702' title='bbox 959 2330 1091 2376; x_wconf 85' lang='lat' dir='ltr'><em>quidem</em></span> <span class='ocrx_word' id='word_1_703' title='bbox 1102 2356 1111 2366; x_wconf 87' lang='lat'><strong>.</strong></span> <span class='ocrx_word' id='word_1_704' title='bbox 1130 2332 1232 2376; x_wconf 80' lang='lat' dir='ltr'><em>Igitur</em></span> <span class='ocrx_word' id='word_1_705' title='bbox 1243 2343 1310 2365; x_wconf 86' lang='lat' dir='ltr'><em>non</em></span> <span class='ocrx_word' id='word_1_706' title='bbox 1321 2332 1353 2365; x_wconf 87' lang='lat' dir='ltr'><em>in</em></span> <span class='ocrx_word' id='word_1_707' title='bbox 1372 2330 1525 2365; x_wconf 86' lang='lat' dir='ltr'><em>omnibus</em></span> <span class='ocrx_word' id='word_1_708' title='bbox 1540 2331 1622 2364; x_wconf 89' lang='lat' dir='ltr'><em>locis</em></span> <span class='ocrx_word' id='word_1_709' title='bbox 1646 2351 1657 2368; x_wconf 90' lang='lat'>,</span> <span class='ocrx_word' id='word_1_710' title='bbox 1673 2330 1789 2377; x_wconf 86' lang='lat' dir='ltr'><em>quibus</em></span> <span class='ocrx_word' id='word_1_711' title='bbox 1806 2327 1962 2364; x_wconf 83' lang='lat' dir='ltr'><em>efferuent</em></span> <span class='ocrx_word' id='word_1_712' title='bbox 1976 2342 2066 2377; x_wconf 75' lang='lat' dir='ltr'><em>aquae</em></span> 
     </span>
     <span class='ocr_line' id='line_1_48' title="bbox 308 2372 2064 2426; baseline 0.003 -20"><span class='ocrx_word' id='word_1_713' title='bbox 308 2372 416 2407; x_wconf 85' lang='lat' dir='ltr'><em>calidae</em></span> <span class='ocrx_word' id='word_1_714' title='bbox 426 2375 531 2409; x_wconf 84' lang='lat' dir='ltr'><em>crebri</em></span> <span class='ocrx_word' id='word_1_715' title='bbox 540 2373 665 2415; x_wconf 89' lang='lat' dir='ltr'><em>fontes,</em></span> <span class='ocrx_word' id='word_1_716' title='bbox 674 2377 794 2412; x_wconf 82' lang='lat' dir='ltr'><em>eaedem</em></span> <span class='ocrx_word' id='word_1_717' title='bbox 803 2380 1066 2424; x_wconf 84' lang='lat' dir='ltr'><em>opportunitates</em></span> <span class='ocrx_word' id='word_1_718' title='bbox 1084 2379 1211 2426; x_wconf 79' lang='lat' dir='ltr'><em>possiint</em></span> <span class='ocrx_word' id='word_1_719' title='bbox 1229 2379 1371 2413; x_wconf 83' lang='lat' dir='ltr'><em>similiter</em></span> <span class='ocrx_word' id='word_1_720' title='bbox 1381 2390 1571 2413; x_wconf 88' lang='lat' dir='ltr'><em>concurrere</em></span> <span class='ocrx_word' id='word_1_721' title='bbox 1580 2403 1590 2412; x_wconf 91' lang='lat'><em>.</em></span> <span class='ocrx_word' id='word_1_722' title='bbox 1625 2379 1687 2412; x_wconf 89' lang='lat' dir='ltr'><em>Sed</em></span> <span class='ocrx_word' id='word_1_723' title='bbox 1705 2380 1816 2414; x_wconf 87' lang='lat' dir='ltr'><em>omnia</em></span> <span class='ocrx_word' id='word_1_724' title='bbox 1835 2379 1882 2413; x_wconf 93' lang='lat' dir='ltr'><em>uti</em></span> <span class='ocrx_word' id='word_1_725' title='bbox 1893 2390 2004 2413; x_wconf 86' lang='lat' dir='ltr'><em>natura</em></span> <span class='ocrx_word' id='word_1_726' title='bbox 2013 2389 2064 2412; x_wconf 82' lang='lat' dir='ltr'><em>re-</em></span> 
     </span>
     <span class='ocr_line' id='line_1_49' title="bbox 308 2422 2064 2474; baseline 0.002 -19"><span class='ocrx_word' id='word_1_727' title='bbox 308 2433 382 2455; x_wconf 83' lang='lat' dir='ltr'><em>rum</em></span> <span class='ocrx_word' id='word_1_728' title='bbox 392 2422 561 2458; x_wconf 84' lang='lat' dir='ltr'><em>constituit</em></span> <span class='ocrx_word' id='word_1_729' title='bbox 571 2437 658 2463; x_wconf 85' lang='lat' dir='ltr'><em>,non</em></span> <span class='ocrx_word' id='word_1_730' title='bbox 667 2425 707 2460; x_wconf 81' lang='lat' dir='ltr'><em>ad</em></span> <span class='ocrx_word' id='word_1_731' title='bbox 717 2427 918 2460; x_wconf 79' lang='lat' dir='ltr'><em>uoluntatem</em></span> <span class='ocrx_word' id='word_1_732' title='bbox 929 2427 1099 2462; x_wconf 87' lang='lat' dir='ltr'><em>hominum</em></span> <span class='ocrx_word' id='word_1_733' title='bbox 1110 2453 1121 2468; x_wconf 91' lang='lat'>,</span> <span class='ocrx_word' id='word_1_734' title='bbox 1134 2426 1184 2462; x_wconf 89' lang='lat' dir='ltr'><em>sed</em></span> <span class='ocrx_word' id='word_1_735' title='bbox 1197 2425 1337 2462; x_wconf 86' lang='lat' dir='ltr'><em>fortuito</em></span> <span class='ocrx_word' id='word_1_736' title='bbox 1348 2426 1500 2474; x_wconf 86' lang='lat' dir='ltr'><em>disparata</em></span> <span class='ocrx_word' id='word_1_737' title='bbox 1519 2438 1731 2474; x_wconf 89' lang='lat' dir='ltr'><em>procreantur</em></span> <span class='ocrx_word' id='word_1_738' title='bbox 1740 2453 1750 2462; x_wconf 90' lang='lat'><strong>.</strong></span> <span class='ocrx_word' id='word_1_739' title='bbox 1777 2428 1870 2474; x_wconf 86' lang='lat' dir='ltr'><em>Ergo</em></span> <span class='ocrx_word' id='word_1_740' title='bbox 1888 2426 2004 2473; x_wconf 91' lang='lat' dir='ltr'><em>quibus</em></span> <span class='ocrx_word' id='word_1_741' title='bbox 2013 2426 2064 2459; x_wconf 89' lang='lat' dir='ltr'><em>Io·</em></span> 
     </span>
     <span class='ocr_line' id='line_1_50' title="bbox 309 2468 2062 2524; baseline 0.003 -21"><span class='ocrx_word' id='word_1_742' title='bbox 309 2470 354 2507; x_wconf 85' lang='lat' dir='ltr'><em>cis</em></span> <span class='ocrx_word' id='word_1_743' title='bbox 365 2482 434 2505; x_wconf 89' lang='lat' dir='ltr'><em>non</em></span> <span class='ocrx_word' id='word_1_744' title='bbox 446 2468 517 2507; x_wconf 88' lang='lat' dir='ltr'><em>sunt</em></span> <span class='ocrx_word' id='word_1_745' title='bbox 528 2473 639 2508; x_wconf 86' lang='lat' dir='ltr'><em>terrosi</em></span> <span class='ocrx_word' id='word_1_746' title='bbox 651 2486 781 2509; x_wconf 88' lang='lat' dir='ltr'><em>montes</em></span> <span class='ocrx_word' id='word_1_747' title='bbox 793 2497 803 2513; x_wconf 87' lang='lat'>‚</span> <span class='ocrx_word' id='word_1_748' title='bbox 813 2473 862 2508; x_wconf 86' lang='lat' dir='ltr'><em>sed</em></span> <span class='ocrx_word' id='word_1_749' title='bbox 873 2475 1001 2521; x_wconf 85' lang='lat' dir='ltr'><em>lapideo</em></span> <span class='ocrx_word' id='word_1_750' title='bbox 1012 2489 1128 2524; x_wconf 85' lang='lat' dir='ltr'><em>genere</em></span> <span class='ocrx_word' id='word_1_751' title='bbox 1142 2477 1278 2512; x_wconf 86' lang='lat' dir='ltr'><em>materiae</em></span> <span class='ocrx_word' id='word_1_752' title='bbox 1290 2478 1476 2522; x_wconf 85' lang='lat' dir='ltr'><em>qualitatem</em></span> <span class='ocrx_word' id='word_1_753' title='bbox 1485 2475 1635 2510; x_wconf 79' lang='lat' dir='ltr'><em>habentes</em></span> <span class='ocrx_word' id='word_1_754' title='bbox 1645 2498 1656 2513; x_wconf 91' lang='lat'>,</span> <span class='ocrx_word' id='word_1_755' title='bbox 1668 2477 1753 2524; x_wconf 89' lang='lat' dir='ltr'><em>ignis</em></span> <span class='ocrx_word' id='word_1_756' title='bbox 1763 2479 1810 2511; x_wconf 91' lang='lat' dir='ltr'><em>uis</em></span> <span class='ocrx_word' id='word_1_757' title='bbox 1820 2487 1875 2521; x_wconf 85' lang='lat' dir='ltr'><em>per</em></span> <span class='ocrx_word' id='word_1_758' title='bbox 1884 2476 1951 2508; x_wconf 87' lang='lat' dir='ltr'><em>eius</em></span> <span class='ocrx_word' id='word_1_759' title='bbox 1963 2487 2062 2509; x_wconf 83' lang='lat' dir='ltr'><em>uenas</em></span> 
     </span>
     <span class='ocr_line' id='line_1_51' title="bbox 307 2520 2060 2572; baseline 0.003 -20"><span class='ocrx_word' id='word_1_760' title='bbox 307 2520 476 2565; x_wconf 84' lang='lat' dir='ltr'><em>egrediens</em></span> <span class='ocrx_word' id='word_1_761' title='bbox 486 2522 591 2556; x_wconf 85' lang='lat' dir='ltr'><em>adurit</em></span> <span class='ocrx_word' id='word_1_762' title='bbox 603 2535 673 2557; x_wconf 87' lang='lat' dir='ltr'><em>earn</em></span> <span class='ocrx_word' id='word_1_763' title='bbox 682 2545 693 2562; x_wconf 83' lang='lat'>‚</span> <span class='ocrx_word' id='word_1_764' title='bbox 703 2527 735 2559; x_wconf 75' lang='grc' dir='ltr'><em>δι</em></span> <span class='ocrx_word' id='word_1_765' title='bbox 746 2523 838 2571; x_wconf 91' lang='lat' dir='ltr'><em>quod</em></span> <span class='ocrx_word' id='word_1_766' title='bbox 849 2524 949 2557; x_wconf 89' lang='lat' dir='ltr'><em>molle</em></span> <span class='ocrx_word' id='word_1_767' title='bbox 959 2524 1004 2558; x_wconf 88' lang='lat' dir='ltr'><em>est</em></span> <span class='ocrx_word' id='word_1_768' title='bbox 1014 2551 1025 2565; x_wconf 86' lang='lat'>‚</span> <span class='ocrx_word' id='word_1_769' title='bbox 1034 2530 1066 2560; x_wconf 72' lang='grc' dir='ltr'><em>δε</em></span> <span class='ocrx_word' id='word_1_770' title='bbox 1080 2537 1224 2560; x_wconf 86' lang='lat' dir='ltr'><em>tenerum</em></span> <span class='ocrx_word' id='word_1_771' title='bbox 1233 2526 1337 2560; x_wconf 89' lang='lat' dir='ltr'><em>exurit</em></span> <span class='ocrx_word' id='word_1_772' title='bbox 1347 2551 1358 2565; x_wconf 88' lang='lat'>‚</span> <span class='ocrx_word' id='word_1_773' title='bbox 1369 2525 1460 2572; x_wconf 90' lang='lat' dir='ltr'><em>quod</em></span> <span class='ocrx_word' id='word_1_774' title='bbox 1469 2535 1576 2559; x_wconf 84' lang='lat' dir='ltr'><em>autem</em></span> <span class='ocrx_word' id='word_1_775' title='bbox 1596 2523 1740 2572; x_wconf 85' lang='lat' dir='ltr'><em>asperum</em></span> <span class='ocrx_word' id='word_1_776' title='bbox 1750 2523 1902 2571; x_wconf 88' lang='lat' dir='ltr'><em>relinquit</em></span> <span class='ocrx_word' id='word_1_777' title='bbox 1912 2547 1922 2558; x_wconf 89' lang='lat'><strong><em>.</em></strong></span> <span class='ocrx_word' id='word_1_778' title='bbox 1948 2525 2060 2569; x_wconf 89' lang='lat' dir='ltr'><em>ltaque</em></span> 
     </span>
     <span class='ocr_line' id='line_1_52' title="bbox 308 2569 2058 2618; baseline 0.003 -17"><span class='ocrx_word' id='word_1_779' title='bbox 308 2579 344 2602; x_wconf 89' lang='lat' dir='ltr'><em>ut</em></span> <span class='ocrx_word' id='word_1_780' title='bbox 355 2569 386 2602; x_wconf 89' lang='lat' dir='ltr'><em>in</em></span> <span class='ocrx_word' id='word_1_781' title='bbox 398 2569 573 2616; x_wconf 80' lang='lat' dir='ltr'><em>Campania</em></span> <span class='ocrx_word' id='word_1_782' title='bbox 584 2571 690 2606; x_wconf 83' lang='lat' dir='ltr'><em>exusta</em></span> <span class='ocrx_word' id='word_1_783' title='bbox 699 2584 780 2606; x_wconf 85' lang='lat' dir='ltr'><em>terra</em></span> <span class='ocrx_word' id='word_1_784' title='bbox 790 2572 893 2618; x_wconf 88' lang='lat' dir='ltr'><em>puluis</em></span> <span class='ocrx_word' id='word_1_785' title='bbox 902 2596 912 2611; x_wconf 92' lang='lat'><em>‚</em></span> <span class='ocrx_word' id='word_1_786' title='bbox 923 2572 1005 2606; x_wconf 83' lang='lat' dir='ltr'><em>sicin</em></span> <span class='ocrx_word' id='word_1_787' title='bbox 1018 2575 1172 2608; x_wconf 83' lang='lat' dir='ltr'><em>Hetruria</em></span> <span class='ocrx_word' id='word_1_788' title='bbox 1183 2574 1315 2608; x_wconf 70' lang='lat' dir='ltr'><em>excosta</em></span> <span class='ocrx_word' id='word_1_789' title='bbox 1325 2573 1454 2608; x_wconf 87' lang='lat' dir='ltr'><em>materia</em></span> <span class='ocrx_word' id='word_1_790' title='bbox 1463 2571 1606 2607; x_wconf 84' lang='lat' dir='ltr'><em>efficitur</em></span> <span class='ocrx_word' id='word_1_791' title='bbox 1615 2573 1824 2607; x_wconf 87' lang='lat' dir='ltr'><em>carbunculus</em></span> <span class='ocrx_word' id='word_1_792' title='bbox 1834 2597 1844 2604; x_wconf 89' lang='lat'><strong>.</strong></span> <span class='ocrx_word' id='word_1_793' title='bbox 1865 2573 2007 2618; x_wconf 85' lang='lat' dir='ltr'><em>Vtraque</em></span> <span class='ocrx_word' id='word_1_794' title='bbox 2018 2586 2058 2607; x_wconf 81' lang='lat' dir='ltr'><em>au</em></span> 
     </span>
     <span class='ocr_line' id='line_1_53' title="bbox 307 2616 2059 2667; baseline 0.003 -17"><span class='ocrx_word' id='word_1_795' title='bbox 307 2627 374 2650; x_wconf 88' lang='lat' dir='ltr'><em>tem</em></span> <span class='ocrx_word' id='word_1_796' title='bbox 388 2616 459 2652; x_wconf 89' lang='lat' dir='ltr'><em>sunt</em></span> <span class='ocrx_word' id='word_1_797' title='bbox 469 2621 597 2666; x_wconf 83' lang='lat' dir='ltr'><em>egregia</em></span> <span class='ocrx_word' id='word_1_798' title='bbox 605 2622 638 2654; x_wconf 93' lang='lat' dir='ltr'><em>in</em></span> <span class='ocrx_word' id='word_1_799' title='bbox 650 2619 834 2655; x_wconf 55' lang='lat' dir='ltr'><em>strtiffturis.</em></span> <span class='ocrx_word' id='word_1_800' title='bbox 863 2620 924 2654; x_wconf 84' lang='lat' dir='ltr'><em>Sed</em></span> <span class='ocrx_word' id='word_1_801' title='bbox 935 2622 993 2655; x_wconf 85' lang='lat' dir='ltr'><em>alia</em></span> <span class='ocrx_word' id='word_1_802' title='bbox 1003 2623 1036 2656; x_wconf 86' lang='lat' dir='ltr'><em>in</em></span> <span class='ocrx_word' id='word_1_803' title='bbox 1046 2623 1177 2657; x_wconf 82' lang='lat' dir='ltr'><em>terrenis</em></span> <span class='ocrx_word' id='word_1_804' title='bbox 1185 2622 1326 2667; x_wconf 73' lang='lat' dir='ltr'><em>a‘dificijs</em></span> <span class='ocrx_word' id='word_1_805' title='bbox 1336 2645 1346 2661; x_wconf 89' lang='lat'><strong><em>,</em></strong></span> <span class='ocrx_word' id='word_1_806' title='bbox 1367 2622 1426 2656; x_wconf 87' lang='lat' dir='ltr'><em>alia</em></span> <span class='ocrx_word' id='word_1_807' title='bbox 1436 2623 1530 2655; x_wconf 85' lang='lat' dir='ltr'><em>etiam</em></span> <span class='ocrx_word' id='word_1_808' title='bbox 1539 2623 1572 2656; x_wconf 90' lang='lat' dir='ltr'><em>in</em></span> <span class='ocrx_word' id='word_1_809' title='bbox 1593 2622 1761 2657; x_wconf 82' lang='lat' dir='ltr'><em>maritimis</em></span> <span class='ocrx_word' id='word_1_810' title='bbox 1780 2621 1922 2655; x_wconf 86' lang='lat' dir='ltr'><em>molibus</em></span> <span class='ocrx_word' id='word_1_811' title='bbox 1939 2621 2059 2656; x_wconf 81' lang='lat' dir='ltr'><em>habent</em></span> 
     </span>
     <span class='ocr_line' id='line_1_54' title="bbox 306 2666 2058 2718; baseline 0.004 -20"><span class='ocrx_word' id='word_1_812' title='bbox 306 2666 462 2700; x_wconf 87' lang='lat' dir='ltr'><em>uirtutem</em></span> <span class='ocrx_word' id='word_1_813' title='bbox 477 2691 486 2700; x_wconf 90' lang='lat'><em>.</em></span> <span class='ocrx_word' id='word_1_814' title='bbox 514 2668 569 2702; x_wconf 79' lang='lat' dir='ltr'><em>Est</em></span> <span class='ocrx_word' id='word_1_815' title='bbox 579 2680 686 2703; x_wconf 82' lang='lat' dir='ltr'><em>autem</em></span> <span class='ocrx_word' id='word_1_816' title='bbox 697 2670 742 2703; x_wconf 88' lang='lat' dir='ltr'><em>ibi</em></span> <span class='ocrx_word' id='word_1_817' title='bbox 751 2669 886 2704; x_wconf 87' lang='lat' dir='ltr'><em>materiae</em></span> <span class='ocrx_word' id='word_1_818' title='bbox 900 2668 1186 2715; x_wconf 82' lang='lat' dir='ltr'><em>potestasmollior</em></span> <span class='ocrx_word' id='word_1_819' title='bbox 1198 2693 1208 2708; x_wconf 89' lang='lat'>,</span> <span class='ocrx_word' id='word_1_820' title='bbox 1220 2671 1318 2718; x_wconf 74' lang='lat' dir='ltr'><em>quam</em></span> <span class='ocrx_word' id='word_1_821' title='bbox 1327 2670 1466 2716; x_wconf 84' lang='lat' dir='ltr'><em>tophus;</em></span> <span class='ocrx_word' id='word_1_822' title='bbox 1481 2668 1629 2710; x_wconf 87' lang='lat' dir='ltr'><em>solidior,</em></span> <span class='ocrx_word' id='word_1_823' title='bbox 1638 2669 1735 2717; x_wconf 69' lang='lat' dir='ltr'><em>quam</em></span> <span class='ocrx_word' id='word_1_824' title='bbox 1746 2680 1839 2707; x_wconf 86' lang='lat' dir='ltr'><em>terra,</em></span> <span class='ocrx_word' id='word_1_825' title='bbox 1852 2681 1919 2715; x_wconf 89' lang='lat' dir='ltr'><em>quo</em></span> <span class='ocrx_word' id='word_1_826' title='bbox 1930 2672 2058 2715; x_wconf 87' lang='lat' dir='ltr'><em>penitus</em></span> 
     </span>
     <span class='ocr_line' id='line_1_55' title="bbox 306 2713 2056 2765; baseline 0.003 -18"><span class='ocrx_word' id='word_1_827' title='bbox 306 2713 344 2747; x_wconf 86' lang='lat' dir='ltr'><em>ab</em></span> <span class='ocrx_word' id='word_1_828' title='bbox 356 2715 424 2748; x_wconf 91' lang='lat' dir='ltr'><em>imo</em></span> <span class='ocrx_word' id='word_1_829' title='bbox 437 2716 614 2751; x_wconf 73' lang='lat' dir='ltr'><em>uehemetia</em></span> <span class='ocrx_word' id='word_1_830' title='bbox 625 2718 754 2764; x_wconf 87' lang='lat' dir='ltr'><em>uaporis</em></span> <span class='ocrx_word' id='word_1_831' title='bbox 763 2716 877 2751; x_wconf 84' lang='lat' dir='ltr'><em>adusto</em></span> <span class='ocrx_word' id='word_1_832' title='bbox 886 2720 1052 2753; x_wconf 84' lang='lat' dir='ltr'><em>nonnullis</em></span> <span class='ocrx_word' id='word_1_833' title='bbox 1063 2721 1144 2753; x_wconf 85' lang='lat' dir='ltr'><em>locis</em></span> <span class='ocrx_word' id='word_1_834' title='bbox 1154 2731 1341 2765; x_wconf 83' lang='lat' dir='ltr'><em>procreatur</em></span> <span class='ocrx_word' id='word_1_835' title='bbox 1350 2721 1381 2753; x_wconf 88' lang='lat' dir='ltr'><em>id</em></span> <span class='ocrx_word' id='word_1_836' title='bbox 1392 2731 1490 2765; x_wconf 86' lang='lat' dir='ltr'><em>genus</em></span> <span class='ocrx_word' id='word_1_837' title='bbox 1500 2719 1700 2765; x_wconf 68' lang='lat' dir='ltr'><em>arene,quod</em></span> <span class='ocrx_word' id='word_1_838' title='bbox 1707 2717 1826 2752; x_wconf 87' lang='lat' dir='ltr'><em>dicitur</em></span> <span class='ocrx_word' id='word_1_839' title='bbox 1838 2717 2056 2754; x_wconf 75' lang='lat' dir='ltr'><em>Carbuculus.</em></span> 
     </span>
    </p>

    <p class='ocr_par' dir='ltr' id='par_1_11' title="bbox 303 2765 2056 3009">
     <span class='ocr_line' id='line_1_56' title="bbox 352 2765 2056 2814; baseline 0.001 -16"><span class='ocrx_word' id='word_1_840' title='bbox 352 2768 579 2809; x_wconf 67' lang='lat' dir='ltr'><em>Argumentum</em></span> <span class='ocrx_word' id='word_1_841' title='bbox 586 2778 606 2800; x_wconf 89' lang='lat' dir='ltr'><em>a</em></span> <span class='ocrx_word' id='word_1_842' title='bbox 614 2769 743 2802; x_wconf 62' lang='lat' dir='ltr'><em>materia</em></span> <span class='ocrx_word' id='word_1_843' title='bbox 750 2765 897 2814; x_wconf 82' lang='lat' dir='ltr'><em>qualitate</em></span> <span class='ocrx_word' id='word_1_844' title='bbox 907 2791 916 2800; x_wconf 86' lang='lat'><strong>.</strong></span> <span class='ocrx_word' id='word_1_845' title='bbox 923 2769 1033 2802; x_wconf 85' lang='lat' dir='ltr'><em>Eodem</em></span> <span class='ocrx_word' id='word_1_846' title='bbox 1043 2770 1108 2812; x_wconf 75' lang='lat' dir='ltr'><em>igne</em></span> <span class='ocrx_word' id='word_1_847' title='bbox 1117 2780 1190 2802; x_wconf 83' lang='lat' dir='ltr'><em>caera</em></span> <span class='ocrx_word' id='word_1_848' title='bbox 1197 2769 1302 2805; x_wconf 83' lang='lat' dir='ltr'><em>mollis,</em></span> <span class='ocrx_word' id='word_1_849' title='bbox 1311 2767 1406 2802; x_wconf 84' lang='lat' dir='ltr'><em>lutum</em></span> <span class='ocrx_word' id='word_1_850' title='bbox 1410 2766 1448 2810; x_wconf 84' lang='lat' dir='ltr'><em>fit</em></span> <span class='ocrx_word' id='word_1_851' title='bbox 1457 2768 1574 2805; x_wconf 82' lang='lat' dir='ltr'><em>durum,</em></span> <span class='ocrx_word' id='word_1_852' title='bbox 1582 2767 1655 2801; x_wconf 82' lang='lat' dir='ltr'><em>licet</em></span> <span class='ocrx_word' id='word_1_853' title='bbox 1663 2778 1733 2812; x_wconf 81' lang='lat' dir='ltr'><em>ergo</em></span> <span class='ocrx_word' id='word_1_854' title='bbox 1749 2768 1873 2801; x_wconf 74' lang='lat' dir='ltr'><em>ardores</em></span> <span class='ocrx_word' id='word_1_855' title='bbox 1882 2765 1948 2810; x_wconf 77' lang='lat' dir='ltr'><em>fint</em></span> <span class='ocrx_word' id='word_1_856' title='bbox 1954 2765 2056 2801; x_wconf 86' lang='lat' dir='ltr'><em>multis</em></span> 
     </span>
     <span class='ocr_line' id='line_1_57' title="bbox 304 2809 2056 2864; baseline 0.002 -20"><span class='ocrx_word' id='word_1_857' title='bbox 304 2811 334 2845; x_wconf 87' lang='lat' dir='ltr'><em>in</em></span> <span class='ocrx_word' id='word_1_858' title='bbox 342 2809 427 2849; x_wconf 76' lang='lat' dir='ltr'><em>locis,</em></span> <span class='ocrx_word' id='word_1_859' title='bbox 438 2825 494 2847; x_wconf 86' lang='lat' dir='ltr'><em>non</em></span> <span class='ocrx_word' id='word_1_860' title='bbox 503 2824 603 2848; x_wconf 80' lang='lat' dir='ltr'><em>tamen</em></span> <span class='ocrx_word' id='word_1_861' title='bbox 611 2817 687 2849; x_wconf 87' lang='lat' dir='ltr'><em>idem</em></span> <span class='ocrx_word' id='word_1_862' title='bbox 693 2815 793 2862; x_wconf 87' lang='lat' dir='ltr'><em>puluis</em></span> <span class='ocrx_word' id='word_1_863' title='bbox 800 2814 909 2862; x_wconf 88' lang='lat' dir='ltr'><em>ubique</em></span> <span class='ocrx_word' id='word_1_864' title='bbox 915 2818 1160 2853; x_wconf 68' lang='lat' dir='ltr'><em>inuem&#39;turmam</em></span> <span class='ocrx_word' id='word_1_865' title='bbox 1169 2816 1301 2863; x_wconf 79' lang='lat' dir='ltr'><em>lapides,</em></span> <span class='ocrx_word' id='word_1_866' title='bbox 1311 2819 1363 2864; x_wconf 84' lang='lat' dir='ltr'><em>qui</em></span> <span class='ocrx_word' id='word_1_867' title='bbox 1371 2825 1577 2863; x_wconf 85' lang='lat' dir='ltr'><em>excoquuntur</em></span> <span class='ocrx_word' id='word_1_868' title='bbox 1591 2815 1697 2859; x_wconf 82' lang='lat' dir='ltr'><em>diuerfi</em></span> <span class='ocrx_word' id='word_1_869' title='bbox 1707 2818 1827 2861; x_wconf 83' lang='lat' dir='ltr'><em>generis</em></span> <span class='ocrx_word' id='word_1_870' title='bbox 1841 2816 2056 2863; x_wconf 81' lang='lat' dir='ltr'><em>permixtiones</em></span> 
     </span>
     <span class='ocr_line' id='line_1_58' title="bbox 303 2861 2056 2910; baseline 0.003 -18"><span class='ocrx_word' id='word_1_871' title='bbox 303 2861 453 2894; x_wconf 71' lang='lat' dir='ltr'><em>initiorum</em></span> <span class='ocrx_word' id='word_1_872' title='bbox 462 2861 584 2900; x_wconf 80' lang='lat' dir='ltr'><em>habent,</em></span> <span class='ocrx_word' id='word_1_873' title='bbox 593 2876 651 2910; x_wconf 89' lang='lat' dir='ltr'><em>quo</em></span> <span class='ocrx_word' id='word_1_874' title='bbox 654 2863 694 2906; x_wconf 85' lang='lat' dir='ltr'><em>fit</em></span> <span class='ocrx_word' id='word_1_875' title='bbox 701 2874 735 2899; x_wconf 88' lang='lat' dir='ltr'><em>ut</em></span> <span class='ocrx_word' id='word_1_876' title='bbox 742 2866 817 2909; x_wconf 73' lang='lat' dir='ltr'><em>ignis</em></span> <span class='ocrx_word' id='word_1_877' title='bbox 824 2865 853 2897; x_wconf 81' lang='lat' dir='ltr'><em>in</em></span> <span class='ocrx_word' id='word_1_878' title='bbox 862 2876 910 2897; x_wconf 88' lang='lat' dir='ltr'><em>eos</em></span> <span class='ocrx_word' id='word_1_879' title='bbox 918 2863 1030 2907; x_wconf 69' lang='lat' dir='ltr'><em>diuersa</em></span> <span class='ocrx_word' id='word_1_880' title='bbox 1039 2866 1154 2905; x_wconf 72' lang='lat' dir='ltr'><em>ratione</em></span> <span class='ocrx_word' id='word_1_881' title='bbox 1161 2874 1235 2910; x_wconf 80' lang='lat' dir='ltr'><em>agat</em></span> <span class='ocrx_word' id='word_1_882' title='bbox 1244 2890 1253 2898; x_wconf 91' lang='lat'>.</span> <span class='ocrx_word' id='word_1_883' title='bbox 1263 2869 1397 2910; x_wconf 60' lang='lat' dir='ltr'><em>Natura</em></span> <span class='ocrx_word' id='word_1_884' title='bbox 1403 2875 1472 2898; x_wconf 85' lang='lat' dir='ltr'><em>uero</em></span> <span class='ocrx_word' id='word_1_885' title='bbox 1481 2873 1692 2910; x_wconf 86' lang='lat' dir='ltr'><em>comparatum</em></span> <span class='ocrx_word' id='word_1_886' title='bbox 1698 2863 1735 2906; x_wconf 76' lang='lat' dir='ltr'><em>est</em></span> <span class='ocrx_word' id='word_1_887' title='bbox 1743 2874 1777 2899; x_wconf 86' lang='lat' dir='ltr'><em>ut</em></span> <span class='ocrx_word' id='word_1_888' title='bbox 1786 2875 1844 2898; x_wconf 87' lang='lat' dir='ltr'><em>non</em></span> <span class='ocrx_word' id='word_1_889' title='bbox 1850 2862 1996 2906; x_wconf 85' lang='lat' dir='ltr'><em>eademfit</em></span> <span class='ocrx_word' id='word_1_890' title='bbox 2001 2863 2056 2899; x_wconf 74' lang='lat' dir='ltr'><em>ubi</em></span> 
     </span>
     <span class='ocr_line' id='line_1_59' title="bbox 306 2910 2054 2961; baseline 0.005 -21"><span class='ocrx_word' id='word_1_891' title='bbox 306 2919 364 2956; x_wconf 83' lang='lat' dir='ltr'><em>que</em></span> <span class='ocrx_word' id='word_1_892' title='bbox 371 2916 518 2943; x_wconf 78' lang='lat' dir='ltr'><em>terrarum</em></span> <span class='ocrx_word' id='word_1_893' title='bbox 526 2914 665 2945; x_wconf 57' lang='lat' dir='ltr'><em>maneries</em></span> <span class='ocrx_word' id='word_1_894' title='bbox 673 2912 803 2959; x_wconf 80' lang='lat' dir='ltr'><em>lapidum</em></span> <span class='ocrx_word' id='word_1_895' title='bbox 812 2937 822 2946; x_wconf 86' lang='lat'><strong>.</strong></span> <span class='ocrx_word' id='word_1_896' title='bbox 849 2914 939 2956; x_wconf 68' lang='lat' dir='ltr'><em>‚Quod</em></span> <span class='ocrx_word' id='word_1_897' title='bbox 946 2922 1047 2946; x_wconf 72' lang='lat' dir='ltr'><em>autern</em></span> <span class='ocrx_word' id='word_1_898' title='bbox 1062 2914 1098 2946; x_wconf 81' lang='lat' dir='ltr'><em>de</em></span> <span class='ocrx_word' id='word_1_899' title='bbox 1106 2925 1198 2946; x_wconf 87' lang='lat' dir='ltr'><em>arena</em></span> <span class='ocrx_word' id='word_1_900' title='bbox 1216 2914 1286 2947; x_wconf 78' lang='lat' dir='ltr'><em>dicit</em></span> <span class='ocrx_word' id='word_1_901' title='bbox 1294 2916 1375 2948; x_wconf 78' lang='lat' dir='ltr'><em>Vitr-</em></span> <span class='ocrx_word' id='word_1_902' title='bbox 1390 2912 1502 2960; x_wconf 83' lang='lat' dir='ltr'><em>quamq</em></span> <span class='ocrx_word' id='word_1_903' title='bbox 1506 2928 1517 2953; x_wconf 79' lang='grc'><em>,-</em></span> <span class='ocrx_word' id='word_1_904' title='bbox 1528 2912 1639 2957; x_wconf 68' lang='lat' dir='ltr'><em>falfitm</em></span> <span class='ocrx_word' id='word_1_905' title='bbox 1647 2922 1831 2961; x_wconf 84' lang='lat' dir='ltr'><em>compertum</em></span> <span class='ocrx_word' id='word_1_906' title='bbox 1831 2910 1876 2956; x_wconf 86' lang='lat' dir='ltr'><em>fit</em></span> <span class='ocrx_word' id='word_1_907' title='bbox 1884 2933 1895 2949; x_wconf 77' lang='lat'><em>2</em></span> <span class='ocrx_word' id='word_1_908' title='bbox 1905 2913 2054 2951; x_wconf 83' lang='lat' dir='ltr'><em>inuenitur</em></span> 
     </span>
     <span class='ocr_line' id='line_1_60' title="bbox 303 2956 1855 3009; baseline 0.002 -18"><span class='ocrx_word' id='word_1_909' title='bbox 303 2959 380 2994; x_wconf 83' lang='lat' dir='ltr'><em>enim</em></span> <span class='ocrx_word' id='word_1_910' title='bbox 386 2956 426 2993; x_wconf 87' lang='lat' dir='ltr'><em>ab</em></span> <span class='ocrx_word' id='word_1_911' title='bbox 433 2963 596 3006; x_wconf 70' lang='lat' dir='ltr'><em>Apennino</em></span> <span class='ocrx_word' id='word_1_912' title='bbox 605 2961 645 2994; x_wconf 86' lang='lat' dir='ltr'><em>ad</em></span> <span class='ocrx_word' id='word_1_913' title='bbox 648 2963 875 3007; x_wconf 78' lang='lat' dir='ltr'><em>padmn,tamen</em></span> <span class='ocrx_word' id='word_1_914' title='bbox 881 2963 912 2995; x_wconf 88' lang='lat' dir='ltr'><em>in</em></span> <span class='ocrx_word' id='word_1_915' title='bbox 912 2960 1028 3005; x_wconf 73' lang='lat' dir='ltr'><em>fianana</em></span> <span class='ocrx_word' id='word_1_916' title='bbox 1035 2972 1138 2998; x_wconf 83' lang='lat' dir='ltr'><em>uerum</em></span> <span class='ocrx_word' id='word_1_917' title='bbox 1145 2962 1190 2997; x_wconf 73' lang='lat' dir='ltr'><em>est</em></span> <span class='ocrx_word' id='word_1_918' title='bbox 1198 2963 1278 3009; x_wconf 84' lang='lat' dir='ltr'><em>quod</em></span> <span class='ocrx_word' id='word_1_919' title='bbox 1283 2963 1393 2998; x_wconf 83' lang='lat' dir='ltr'><em>dicitur</em></span> <span class='ocrx_word' id='word_1_920' title='bbox 1400 2985 1410 2996; x_wconf 88' lang='lat'>.</span> <span class='ocrx_word' id='word_1_921' title='bbox 1418 2972 1477 2996; x_wconf 86' lang='lat' dir='ltr'><em>non</em></span> <span class='ocrx_word' id='word_1_922' title='bbox 1485 2963 1578 2996; x_wconf 83' lang='lat' dir='ltr'><em>omnis</em></span> <span class='ocrx_word' id='word_1_923' title='bbox 1578 2962 1645 3007; x_wconf 83' lang='lat' dir='ltr'><em>fert</em></span> <span class='ocrx_word' id='word_1_924' title='bbox 1654 2963 1751 3002; x_wconf 82' lang='lat' dir='ltr'><em>omnia</em></span> <span class='ocrx_word' id='word_1_925' title='bbox 1758 2962 1855 3003; x_wconf 54' lang='lat' dir='ltr'><em>tellite.</em></span> 
     </span>
    </p>
   </div>
   <div class='ocr_carea' id='block_1_5' title="bbox 1999 3047 2056 3094">
    <p class='ocr_par' dir='ltr' id='par_1_12' title="bbox 1999 3047 2056 3094">
     <span class='ocr_line' id='line_1_61' title="bbox 1999 3047 2056 3094; baseline -0.018 0"><span class='ocrx_word' id='word_1_926' title='bbox 1999 3047 2056 3094; x_wconf 85' lang='lat' dir='ltr'><em>De</em></span> 
     </span>
    </p>
   </div>
   <div class='ocr_carea' id='block_1_6' title="bbox 2117 547 2162 573">
    <p class='ocr_par' dir='ltr' id='par_1_13' title="bbox 2117 547 2162 573">
     <span class='ocr_line' id='line_1_62' title="bbox 2117 547 2162 573; baseline 0.067 -3"><span class='ocrx_word' id='word_1_927' title='bbox 2117 547 2162 573; x_wconf 86' lang='lat'><em>10</em></span> 
     </span>
    </p>
   </div>
   <div class='ocr_carea' id='block_1_7' title="bbox 2112 1041 2157 1064">
    <p class='ocr_par' dir='ltr' id='par_1_14' title="bbox 2112 1041 2157 1064">
     <span class='ocr_line' id='line_1_63' title="bbox 2112 1041 2157 1064; baseline 0.022 -1"><span class='ocrx_word' id='word_1_928' title='bbox 2112 1041 2157 1064; x_wconf 89' lang='lat'><em>20</em></span> 
     </span>
    </p>
   </div>
   <div class='ocr_carea' id='block_1_8' title="bbox 2107 1536 2152 1570">
    <p class='ocr_par' dir='ltr' id='par_1_15' title="bbox 2107 1536 2152 1570">
     <span class='ocr_line' id='line_1_64' title="bbox 2107 1536 2152 1570; baseline 0 -11"><span class='ocrx_word' id='word_1_929' title='bbox 2107 1536 2152 1570; x_wconf 77' lang='lat'><em>30</em></span> 
     </span>
    </p>
   </div>
   <div class='ocr_carea' id='block_1_9' title="bbox 2045 3012 2131 3049">
    <p class='ocr_par' dir='ltr' id='par_1_16' title="bbox 2045 3012 2131 3049">
     <span class='ocr_line' id='line_1_65' title="bbox 2045 3012 2131 3049; baseline -0.047 0"><span class='ocrx_word' id='word_1_930' title='bbox 2045 3012 2131 3049; x_wconf 19' lang='lat'><em>*60</em></span> 
     </span>
    </p>
   </div>
  </div>
 </body>
</html>
