2241 3318
0 2685 1 2706 l

0 2724 5 2996 i

0 2998 7 3053 l

69 613 112 639 10

74 1105 119 1128 20

868 117 912 161 ’λζ
957 119 982 149 O
1031 117 1083 160 R
1119 119 1151 150 V
1197 119 1231 150 5.
1823 125 1838 148 2
1844 125 1884 160 93

145 185 285 222 caiusr'ei
291 185 371 218 ratio
385 184 527 230 priuatim
537 183 685 217 reddenda
694 179 732 222 est
745 206 753 214 .
762 182 899 227 percuffle
909 185 939 215 in
961 194 1022 229 qua
1031 185 1162 218 diximus
1172 192 1266 230 parte
1281 206 1292 221 ‚
1307 190 1348 224 (φ
1365 184 1514 229 triangulo
1523 207 1532 222 ‚
1542 182 1618 218 Solis
1632 185 1714 216 radio
1731 180 1899 217 inhibentur

143 234 254 268 rel't'um
260 244 350 277 agere
357 232 470 275 cursum
479 256 487 271 ‚
499 237 540 272 (dy
549 233 634 277 ignea
641 233 672 264 ui
688 229 826 264 leuantur
851 233 879 263 in
889 230 1018 274 sublime
1027 247 1038 266 .-
1050 232 1107 266 hoc
1126 244 1184 266 non
1206 234 1344 278 protinus
1361 235 1482 277 intelligi
1495 231 1587 279 potes}
1601 234 1632 265 ui
1644 244 1662 264 u
1672 232 1772 266 nos'iro
1782 254 1791 269 ‚
1800 233 1898 279 ideoq,-

144 280 344 323 existimantur
351 282 443 318 flare,
453 283 539 318 unde,
551 285 592 319 &¹
601 290 704 313 nomen
714 280 829 321 accepit
839 279 1137 326 {latiaprogreditur
1147 282 1248 314 deinde
1259 281 1383 322 eiusdem
1393 283 1468 322 radii
1479 281 1674 319 molentun&
1686 283 1810 314 retroire
1818 284 1898 325 cogit

140 340 237 375 uapor
246 329 547 376 repercussas.Multo
555 330 584 362 id
592 325 690 373 magis
698 328 726 360 in
736 328 895 372 uespertino
908 340 1011 362 earum
1019 338 1128 362 exortu
1139 351 1149 366 ‚
1159 337 1223 362 toto
1233 328 1302 362 Sole
1318 330 1438 370 aduerfi)
1450 352 1458 365 ,
1469 341 1534 362 cum
1544 332 1571 362 in
1594 341 1708 362 mnmas
1716 327 1834 372 absidas
1843 341 1899 362 ex-

137 378 302 426 pelluntur.
315 377 466 425 minime123
477 385 653 413 cernuntur,
672 377 810 421 quoniam
820 375 957 418 altissime
973 376 1080 419 absunt
1089 399 1099 414 ‚
1110 382 1150 416 <sy
1160 379 1277 410 minimo
1282 377 1424 419 feruntur
1432 387 1513 410 motu
1524 400 1533 413 ‚
1543 387 1627 411 tauto
1637 380 1748 410 minore
1766 389 1832 411 cum
1842 376 1899 412 hoc

140 428 170 460 in
186 425 332 469 altissimis
340 425 478 470 abjiciunt
492 427 588 459 euenit
594 424 698 468 signis.
708 422 784 456 hunc
795 423 893 457 locum
904 428 1027 471 exponit
1037 425 1186 470 Zieglerus
1198 427 1240 458 ita
1249 427 1380 470 inquiens
1392 449 1399 458 .
1411 425 1588 471 Priusisuam
1597 426 1768 459 ‘Plinianam
1779 425 1893 467 senten-

139 473 184 508 tid
192 474 384 512 declaremus,
397 473 565 520 exemplum
567 472 653 515 suma
659 484 720 506 'nus
730 470 769 505 ab
778 477 817 506 A
819 481 887 505 etna
898 472 1054 510 monte‚ibi
1063 483 1158 520 uapor
1166 475 1242 518 ignis
1252 475 1281 506 in
1291 483 1377 506 terrae
1386 476 1443 506 imo
1456 484 1613 519 conceptus
1623 476 1732 506 emittit
1741 476 1899 508 candentes

140 521 308 568 lapides,ita
317 522 369 557 Sol
375 523 476 556 Hellas
484 522 614 568 expellit,
626 532 687 566 quae
695 519 882 562 infer-loribus
893 520 976 558 locis,
989 527 1030 560 &⁶
1039 530 1122 555 terrae
1135 523 1198 555 uici
1202 523 1233 554 ni
1237 520 1338 555 ori'bus
1349 524 1547 567 reperiuntur.
1576 524 1632 555 Sed
1642 524 1669 554 in
1678 522 1734 555 lm
1743 532 1831 567 parte
1840 523 1898 556 hoc

136 571 278 618 praediifflo
287 570 422 617 exemplo
432 569 517 609 deesl,
530 571 669 617 quoniam
679 567 828 614 lapidibus
836 569 935 603 eiec‘lis
945 570 1041 603 nullus
1050 569 1089 604 ab
1102 569 1167 604 alto
1177 579 1272 615 uapor
1282 581 1331 603 eos
1342 579 1422 614 cogit
1433 571 1473 603 ad
1482 573 1541 603 ima
1552 572 1798 615 redirffiquomam
1803 571 1858 612 fita
1869 572 1900 604 ui

141 625 182 659 (y
193 628 303 654 natura
316 619 446 662 deorsum
449 619 590 662 seruntur
598 640 608 655 ‚
615 617 667 660 sed
677 623 695 651 S
699 616 728 650 ol
735 619 842 650 iterum
846 617 1058 664 siipraueniens
1070 628 1181 665 uapore
1181 618 1235 661 suo
1239 617 1348 664 sjidera
1367 619 1405 651 ad
1413 627 1524 651 terram
1544 618 1691 663 compellit
1700 639 1709 654 ‚
1724 624 1763 656 (ff
1773 622 1899 652 retroire

142 670 222 714 cogit
230 678 324 715 uapor
333 665 528 714 repercuffas.
580 666 754 708 Huiusmodi
763 668 908 700 rationem
919 669 1014 712 inquit
1024 666 1141 702 ‘Plinius
1152 666 1204 711 effi¹
1210 669 1376 713 priuatam,
1389 666 1446 700 hoc
1455 667 1500 700 esi
1504 669 1660 713 propriam
1663 665 1797 707 suam‚ut
1806 669 1900 714 inquit

143 715 237 763 ziegl.
244 717 297 760 sed
309 718 425 751 uidetur
434 714 532 763 postea
542 716 664 752 mirari,
677 713 820 761 quoclfibi
829 716 857 748 id
868 714 991 749 ‘Pliniuaes
1000 724 1120 761 arroget
1129 738 1139 754 ,
1149 717 1227 763 quod
1244 714 1340 748 multo
1358 724 1427 749 ante
1436 727 1455 749 a
1464 721 1494 750 V
1495 717 1546 749 itr.
1557 716 1700 748 traditum
1711 716 1755 748 esi
1766 740 1774 748 .
1802 721 1900 748 Tanta

143 765 302 809 diuersitas
310 763 464 812 syderibus
485 764 596 798 accidit
608 789 616 800 ‚
628 765 768 810 quoniam
777 762 852 796 Solis
861 765 962 798 radius
969 764 1029 798 alio
1040 774 1174 811 tempore
1176 762 1328 806 subintrat
1339 786 1349 801 ‚
1361 769 1402 803 θ’
1411 775 1445 798 ea
1455 765 1483 796 in
1492 762 1586 797 altum
1595 764 1673 808 eijcit
1681 784 1690 799 ‚
1700 762 1759 796 alio
1768 772 1902 809 tempore

137 814 327 861 suprafertur
337 836 347 851 ,
359 819 400 853 <⁷9⁹
409 825 443 847 ea
456 814 495 846 ad
502 821 615 846 terram
623 814 772 858 deprimit.
802 813 874 857 Qae
884 812 1031 855 sententia
1041 835 1050 850 ‚
1060 814 1157 857 inquit
1166 813 1213 846 ille
1222 834 1232 850 ‚
1245 812 1348 846 multis
1367 818 1409 852 (ᾖν
1426 810 1609 846 euidentibus
1628 810 1794 845 rationibus
1810 813 1903 855 refelli

141 861 245 909 potest,
258 858 389 909 e'quibus
398 873 456 895 una
466 862 510 896 eii
519 861 577 895 hac
588 861 732 908 quomodo
736 859 805 902 fieri
812 859 904 907 potest
915 883 925 899 ,
941 870 974 895 ut
985 861 1037 895 Sol
1045 863 1096 909 qui
1109 862 1182 903 infra
1191 862 1346 896 stellarum
1357 859 1457 895 orbem
1467 859 1579 907 positus
1588 861 1632 894 es‘i
1642 882 1652 897 ‚
1658 859 1746 901 stellis
1756 860 1904 907 supraue-

145 912 226 948 mat,
238 917 278 950 φ
289 911 428 958 expellat,
438 909 560 956 cogatq‘,·
582 911 677 943 redire
689 930 698 945 ‚
708 908 809 952 namsi
820 921 918 943 omnes
926 911 1016 945 Hella
1037 912 1123 944 unica
1127 909 1283 957 superficie
1293 911 1379 943 unius
1390 909 1506 956 sphaerro
1511 919 1692 955 ponerentur
1701 930 1710 945 ²
1737 914 1756 943 5
1759 908 1789 942 ol
1805 919 1906 943 tamen

145 967 229 992 terra
241 962 362 1006 propior
380 962 476 993 oriens
486 981 496 996 ,
507 967 560 992 aut
569 959 703 992 occidens
711 979 721 995 ‚
736 957 829 1004 posset
839 960 979 993 deducere
987 958 1109 1000 stellam,
1119 970 1181 1006 quae
1187 961 1215 992 in
1218 957 1338 1000 sublimi
1347 981 1357 996 ‚
1366 967 1400 992 ut
1406 960 1435 991 in
1436 958 1494 1000 fita
1498 956 1625 998 flatione
1635 967 1836 1004 permaneret.
1844 968 1907 1005 prae

145 1016 228 1042 terea
238 1010 290 1055 qui
294 1007 350 1050 fiet
361 1030 372 1045 ‚
382 1016 415 1042 ut
425 1009 618 1053 imaginemur
628 1004 747 1048 coelistea
756 1016 883 1053 corpora
894 1031 903 1045 ,
913 1019 975 1054 quae
985 1010 1109 1055 propria
1129 1016 1238 1041 natura
1241 1007 1395 1051 feruntur,
1409 1009 1448 1040 ad
1455 1006 1532 1040 Solis
1541 1008 1693 1052 imperium
1702 1007 1907 1053 expellantur?

146 1058 350 1104 &imperium
360 1057 430 1090 illud
441 1068 493 1090 nec
501 1063 708 1103 temperatum,
711 1054 763 1097 sed
771 1054 977 1100 uiolentumfit
985 1079 996 1093 ‚
1008 1057 1084 1090 unde
1087 1065 1163 1102 perp
1168 1064 1235 1090 etuo
1246 1057 1354 1089 durare
1371 1067 1427 1089 non
1442 1053 1535 1102 poffi‘t
1546 1055 1561 1088 ,ἓ
1567 1056 1708 1090 ,Additur
1717 1061 1757 1094 (φ
1767 1056 1907 1093 illudmon

147 1114 285 1153 oportere
287 1106 423 1149 fortuitis
432 1102 652 1151 expulsionibus
668 1115 723 1138 eas·
730 1115 777 1137 res
778 1102 895 1149 siibijci,
903 1116 965 1151 quae
969 1104 1034 1148 fine
1043 1104 1227 1138 dubitatione
1235 1105 1275 1138 ad
1284 1102 1468 1138 orbiculares
1476 1102 1605 1137 ambstus
1615 1113 1760 1152 tanquam
1768 1105 1807 1137 ad
1816 1106 1906 1138 circi-

119 1184 123 1190 ,
146 1166 217 1188 num
225 1153 393 1198 referuntur
403 1178 411 1187 .
422 1155 490 1188 Ideo
502 1159 542 1192 (9-
551 1152 680 1190 Plinius,
691 1158 731 1192 &⁴
743 1157 773 1187 V
774 1154 825 1185 itr.
841 1152 899 1187 hoc
911 1152 978 1187 loco
980 1153 1057 1196 satis
1065 1155 1251 1191 conueniunt,
1265 1151 1374 1199 cadmi,-
1384 1159 1415 1188 V
1416 1154 1518 1199 itruuij
1526 1151 1695 1201 quaeftio,&
1697 1151 1808 1196 solutio
1817 1155 1905 1187 iuxta

77 1595 122 1631 ΞΟ

81 2089 129 2125 40

87 2580 131 2616 ςο

147 1204 261 1240 modos,
270 1215 344 1250 quos
347 1202 438 1250 supra
443 1202 591 1249 postumus
602 1213 630 1235 nt
633 1201 780 1244 seruanda
788 1210 921 1235 motuum
928 1201 1111 1246 diuersitate.

200 1253 291 1286 louis
301 1263 407 1284 autem
420 1251 501 1284 inter
514 1250 629 1284 Martis
638 1271 648 1288 ,
659 1253 689 1284 ἃ
701 1250 826 1283 Saturni
847 1251 1088 1284 circinationem
1102 1251 1401 1289 currens‚maiorcm
1412 1249 1507 1297 quam
1520 1250 1621 1289 Mars,
1633 1251 1794 1284 minorem
1806 1249 1904 1297 quam

148 1302 300 1335 Saturnus
313 1300 458 1346 peruolat
471 1298 594 1332 cursum
605 1322 612 1331 .
641 1302 722 1333 Item
737 1299 865 1343 reliquae
877 1298 984 1338 stellae,
999 1311 1066 1345 quo
1078 1300 1200 1333 maiore
1212 1299 1326 1333 absunt
1343 1297 1442 1346 spatio
1453 1298 1494 1332 ab
1516 1311 1662 1332 extremo
1677 1300 1783 1336 coelo,
1795 1300 1906 1344 proxi-

153 1348 273 1396 mamc'p
291 1348 409 1382 habent
423 1359 512 1382 terrae
525 1347 918 1383 circinationem‚celerius
938 1360 1121 1395 percurrere
1136 1347 1297 1387 uidentur,
1309 1349 1401 1394 quod
1412 1359 1612 1394 quaecunque
1624 1359 1731 1381 earum
1743 1348 1907 1382 minorem

153 1398 398 1432 circinationem
415 1409 581 1443 peragens,
594 1394 835 1442 saepinssubiens
847 1398 986 1442 praeterit
997 1395 1192 1444 superiorem
1207 1421 1216 1431 .
1246 1396 1541 1444 Qemadmodum
1553 1397 1574 1430 si
1585 1397 1616 1430 in
1629 1408 1700 1429 rota
1712 1421 1720 1434 ‚
1735 1408 1795 1442 qua
1813 1395 1907 1442 figuli

152 1457 304 1485 utuntur,
314 1445 471 1492 impositae
482 1443 601 1478 fuerint
610 1442 728 1491 septem
742 1441 1061 1491 formicae,canalcsc‘1;
1074 1446 1213 1480 totidem
1226 1447 1257 1479 in
1269 1457 1341 1479 rota
1361 1444 1434 1479 fafii
1447 1444 1504 1478 lint
1520 1447 1609 1478 circu
1620 1457 1766 1478 centrum
1776 1446 1808 1478 in
1823 1445 1907 1482 imo,

153 1492 366 1530 accrescentes
376 1493 414 1527 ad
425 1494 651 1532 extremum,in
666 1493 783 1540 quibus
801 1494 845 1527 hae
855 1505 1013 1540 cogantur
1023 1495 1267 1529 circinationem
1289 1493 1390 1528 facere
1401 1516 1410 1531 ‚
1421 1492 1595 1540 uerseturc'p
1617 1504 1687 1527 rota
1716 1495 1748 1527 in
1773 1495 1906 1527 alteram

152 1554 288 1590 partem,
299 1540 418 1576 necesse
440 1543 500 1575 erit
512 1554 562 1576 eas
573 1553 687 1576 contra
699 1553 778 1576 rotae
791 1541 1002 1578 uersationem
1015 1544 1094 1579 nihil
1104 1544 1208 1577 minus
1219 1541 1365 1578 aduersus
1375 1544 1486 1576 itinera
1498 1541 1649 1588 perficere
1658 1565 1667 1581 ‚
1682 1546 1712 1576 δι
1743 1554 1810 1588 quae
1820 1554 1907 1589 pro--

151 1593 275 1627 >timum
287 1602 437 1626 centrum
450 1590 596 1625 habuerit
607 1592 741 1625 celerius
765 1592 930 1638 peruagati
942 1614 951 1629 ,
964 1592 1073 1639 quaec‘b·
1085 1602 1261 1626 extremum
1273 1591 1387 1626 orbern
1409 1604 1486 1624 rotae
1508 1602 1636 1637 peraget
1647 1615 1656 1629 ‚
1666 1591 1760 1625 etiam
1778 1591 1798 1625 fi
1816 1603 1908 1636 aeque

152 1641 298 1675 celeriter
309 1639 463 1677 ambulet,
478 1651 612 1686 propter
626 1640 850 1687 magnitudine
864 1641 1081 1675 circinationis
1093 1641 1199 1674 multo
1209 1641 1328 1675 tardius
1339 1639 1490 1687 perficere
1499 1638 1637 1674 cursum.
1655 1639 1808 1673 Similiter
1826 1639 1907 1674 astra.

152 1689 285 1724 nitentia
296 1699 407 1723 contra
419 1687 532 1722 mundi
544 1687 684 1726 cursum,
696 1687 756 1722 suis
769 1688 940 1723 itineribus
952 1689 1046 1735 perfic
1056 1691 1125 1724 iunt
1135 1691 1307 1724 circuitum
1319 1714 1329 1728 ,
1345 1688 1395 1723 sed
1407 1689 1481 1723 coeli
1499 1686 1677 1723 uersatione
1695 1689 1907 1723 redundatio*

154 1737 248 1771 nibus
263 1735 442 1771 referuntur
453 1736 639 1784 quotidiana
650 1737 806 1783 temporis
821 1739 1041 1772 circulatione.

202 1787 290 1833 Qod
305 1788 388 1822 Vitr.
399 1785 456 1819 hoc
467 1785 532 1819 loco
543 1786 615 1819 dicit
627 1783 724 1829 ftecile
733 1807 742 1822 ‚
755 1785 965 1831 &pulchrum
978 1789 1021 1821 est
1033 1809 1042 1824 ,
1054 1793 1095 1826 &⁴
1105 1800 1124 1821 a
1138 1787 1355 1835 posterioribus
1362 1788 1434 1834 apte*
1449 1786 1640 1835 ufto-patum,
1651 1790 1690 1822 ad
1705 1787 1906 1830 ostendendam

154 1834 270 1879 aduersi
279 1844 386 1872 motus,
399 1839 440 1874 ό*
451 1844 555 1868 contra
566 1835 666 1867 mundi
675 1832 791 1876 cursum
793 1834 933 1881 syderum
943 1835 1149 1878 tterslitionem.

159 1906 165 1909 -
206 1884 252 1918 Es
261 1896 297 1917 ss
322 1895 428 1917 autem
447 1884 520 1916 alias
531 1882 630 1915 stellas
641 1893 842 1928 temperatas,
854 1884 925 1917 alias
938 1882 1096 1919 feruentes
1109 1908 1118 1922 ,
1130 1886 1260 1934 etiamq;
1272 1885 1415 1934 frigidas,
1430 1886 1496 1921 haec
1506 1885 1564 1920 effe
1575 1884 1662 1920 causa
1674 1886 1907 1933 uidetur,qund

156 1934 262 1967 omnis
276 1933 360 1980 ignis
372 1933 402 1965 in
413 1930 570 1978 superiora
583 1930 653 1965 loca
664 1931 761 1966 habet
774 1929 977 1967 scandentem
991 1932 1152 1968 flammam
1164 1959 1172 1973 ,
1185 1947 1265 1982 ergo
1286 1937 1351 1974 Sol,
1366 1935 1446 1969 aetbe
1454 1948 1485 1968 ra
1497 1960 1506 1975 ,
1519 1936 1573 1982 qui
1594 1935 1636 1970 est
1654 1935 1743 1981 supra
1755 1934 1782 1968 se
1795 1959 1803 1974 ,
1813 1937 1908 1980 radijs

155 1994 289 2015 exurens
304 1980 605 2015 efficitcandentem
619 2002 629 2018 ‚
641 1981 672 2014 in
685 1980 799 2028 quibus
815 1982 895 2015 locis
913 1982 1006 2016 habet
1019 1982 1143 2018 cursum
1157 1982 1270 2018 Martis
1281 1983 1379 2018 stella.
1409 1987 1522 2031 Itaque
1535 1983 1661 2018 lerneus
1671 1984 1710 2017 ab
1721 1984 1835 2017 ardore
1847 1987 1909 2018 So-

155 2031 192 2064 lis
203 2029 362 2064 efficitur.
395 2030 517 2063 Saturni
530 2040 636 2064 autem
649 2029 737 2076 quod
749 2028 794 2063 cst
807 2032 952 2076 proxima
962 2044 1106 2066 extremo
1119 2033 1246 2067 mundo
1257 2059 1266 2071 ,
1286 2031 1424 2080 tangitc'p
1445 2034 1629 2079 congelatas
1650 2034 1725 2066 coeli
1746 2033 1907 2079 regiones,

156 2081 363 2114 uehementer
374 2077 416 2112 est
429 2077 557 2126 frigida.
586 2079 633 2112 Ex
644 2091 684 2112 eo
699 2078 796 2118 Ιουῐε,
808 2091 880 2113 cum
892 2081 973 2114 inter
985 2079 1140 2128 uniusque
1151 2082 1358 2116 circuitiones
1378 2081 1492 2116 lrabeat
1509 2080 1633 2115 cursum
1646 2105 1655 2121 ‚
1665 2094 1681 2114 a
1693 2079 1908 2128 refrigeratio-

155 2140 208 2166 ne,
217 2127 358 2174 calorec‘];
375 2140 489 2161 eorum
500 2127 609 2162 medio
621 2127 852 2163 conuenientes
865 2154 874 2166 ‚
885 2128 1201 2177 temperatissimosss
1220 2130 1471 2164 uideturhabere
1488 2128 1631 2164 effeetus.

204 2182 249 2212 Vt
257 2176 458 2212 ,Architefc'us
465 2175 691 2223 philosophatur
699 2180 780 2211 Vitr.
791 2178 866 2211 unde
875 2189 931 2211 non
940 2177 977 2220 est
986 2178 1106 2222 necesse,
1123 2189 1157 2213 ut
1166 2180 1209 2213 illi
1228 2189 1335 2213 contra
1354 2181 1485 2213 dicamus
1494 2201 1503 2216 ‚
1517 2182 1594 2213 certi
1611 2191 1679 2213 cum
1688 2180 1782 2224 simus
1793 2201 1803 2217 ,
1813 2191 1908 2227 neque

155 2225 309 2263 calorem,
320 2237 412 2273 neque
423 2226 528 2270 frigus,
542 2237 638 2272 neque
655 2225 839 2271 affebiionem
856 2227 944 2261 ullam
953 2229 993 2262 ad
1000 2228 1098 2262 diuina
1108 2229 1158 2263 illa
1168 2238 1294 2274 corpora
1315 2229 1462 2276 pertinere
1472 2251 1481 2263 ‚
1491 2239 1554 2275 qux
1570 2230 1657 2274 ignea
1670 2234 1821 2276 putantur
1839 2230 1906 2272 esse,

155 2277 296 2323 quoniam
303 2274 415 2312 lucent,
420 2273 472 2316 fied
490 2285 560 2307 uere
568 2285 621 2308 nec
629 2276 697 2320 pati
706 2298 715 2312 ‚
732 2286 785 2308 nec
793 2276 944 2309 immutari
950 2275 1079 2323 poffiint‚
1092 2289 1187 2324 neque
1192 2286 1354 2323 propterea
1372 2277 1451 2324 quod
1465 2276 1565 2310 lucent
1575 2299 1584 2314 ‚
1594 2280 1679 2322 ignea
1682 2278 1753 2321 fiint
1761 2279 1905 2323 putanda,

156 2326 296 2370 quoniam
308 2329 348 2362 &⁸
356 2322 451 2357 multa
461 2323 548 2356 noft‘u
557 2321 658 2357 lucent
672 2324 848 2361 animantia,
864 2330 903 2363 &
913 2324 1009 2359 multa
1018 2337 1080 2372 quae
1089 2327 1219 2359 inanima
1222 2325 1293 2368 sunt
1304 2324 1488 2371 splendorem
1507 2327 1648 2360 emittunt
1656 2349 1666 2363 ,
1676 2329 1705 2360 in
1722 2325 1831 2375 quibus
1839 2325 1906 2358 nul-

156 2372 221 2406 lum
235 2371 321 2416 ineffe
343 2374 438 2417 ignem
452 2370 660 2416 cognoscimus,
669 2371 724 2406 arb
731 2383 816 2406 orum
827 2375 962 2411 cortices,
971 2374 1092 2420 piscium
1095 2374 1236 2421 squama,
1251 2375 1329 2408 oculi
1331 2374 1470 2417 serarum
1478 2376 1666 2421 quarundam
1676 2375 1747 2418 siant
1758 2374 1906 2417 huiusmo-

156 2422 206 2456 di.
233 2423 290 2456 Sed
295 2420 412 2467 [iJdetts
419 2419 539 2467 aliquod
543 2420 790 2468 frigenssaliqiiod
799 2421 908 2459 calens,
917 2423 1036 2460 dicitur,
1046 2434 1103 2456 non
1113 2422 1151 2464 esi
1163 2421 1200 2456 ob
1218 2422 1309 2457 aliam
1317 2423 1448 2466 caufizm‚
1457 2423 1510 2467 rufi
1518 2435 1576 2470 quo
1586 2435 1620 2457 ea
1630 2423 1699 2465 ines}
1707 2426 1736 2457 in
1749 2423 1795 2457 his
1798 2422 1887 2466 fta-ul
1896 2441 1904 2447 ·

157 2479 221 2508 tas,
232 2471 338 2509 (ruis,
356 2478 389 2503 ut
398 2467 539 2505 calorem,
550 2468 598 2503 uel
601 2470 696 2514 frigus
708 2471 844 2504 inducere
850 2470 965 2517 poffint,
974 2473 1051 2505 uncle
1060 2471 1192 2516 influxus
1209 2471 1293 2506 aliud
1302 2484 1359 2506 non
1376 2473 1433 2510 est,
1444 2471 1533 2518 qudm
1552 2472 1672 2506 occulta
1681 2471 1832 2513 coelestium
1848 2473 1906 2509 uis,

158 2518 346 2566 &qualium
356 2540 367 2556 ‚
377 2528 438 2565 quae
446 2517 552 2551 nullius
569 2521 687 2565 corpori
696 2518 914 2566 interpositione
932 2521 1066 2567 impediri
1080 2521 1185 2568 potefl
1195 2545 1203 2554 .
1213 2521 1324 2567 colligit
1339 2522 1454 2554 demum
1472 2527 1575 2556 Vetru.
1594 2532 1656 2567 quae
1672 2520 1813 2555 hactenus
1826 2529 1906 2567 per-

157 2568 323 2603 traliauit.

208 2617 262 2650 De
272 2628 352 2650 zona
361 2614 534 2650 duodecim
551 2614 728 2662 signorum,
741 2619 773 2651 &
785 2613 904 2663 septem
915 2615 1086 2657 astrorum,
1098 2619 1297 2665 contrarioc'„
1308 2630 1420 2652 eorum
1432 2630 1531 2664 opere
1541 2643 1550 2657 ‚
1563 2631 1598 2652 ac
1610 2617 1711 2658 cursu,
1721 2617 1836 2665 quibus
1847 2629 1905 2651 ra—

159 2664 358 2704 tionibus,&
369 2665 509 2699 numeris
519 2663 678 2700 transeunt
689 2678 725 2700 ex
737 2665 833 2711 signis
843 2667 875 2699 in
886 2665 972 2712 signa
984 2690 993 2704 ,
1007 2671 1038 2701 &
1053 2668 1223 2701 circuitum
1243 2666 1334 2701 suurn
1357 2667 1541 2713 perficiant,
1554 2668 1599 2700 uti
1618 2679 1633 2699 a
1653 2666 1904 2712 praeceptoribus

159 2714 266 2761 accepi
276 2713 434 2758 ,exposuh
448 2713 550 2747 Nunc
558 2713 598 2746 de
607 2712 756 2748 crescenti
771 2715 891 2748 lumine
907 2719 1014 2753 Lunae,
1029 2716 1280 2762 diminutionec'p
1301 2716 1348 2749 uti
1360 2715 1513 2749 traditum
1524 2714 1569 2748 cst
1582 2715 1677 2748 nobis
1689 2729 1702 2747 a
1715 2714 1903 2751 maioribus,

159 2763 264 2797 dicam
273 2786 284 2796 .
311 2760 446 2795 Berosus
456 2762 511 2807 qui
521 2775 536 2795 a
546 2761 768 2797 Chaldeorum
778 2763 920 2801 ciuitate,
932 2763 996 2797 siue
1006 2765 1136 2798 natione
1147 2762 1326 2811 progressus
1337 2765 1370 2796 in
1384 2763 1456 2797 Asia
1470 2765 1564 2797 etiam
1576 2762 1771 2808 disciplinam
1783 2763 1906 2808 patesc-

160 2812 218 2850 cit,
230 2811 274 2845 ita
284 2808 328 2844 est
339 2807 492 2855 professus
503 2836 513 2845 .
541 2812 641 2845 Pilarn
655 2809 715 2845 esse
725 2824 761 2845 ex
782 2811 914 2845 dimidia
937 2824 1023 2857 parte
1041 2813 1231 2847 candentem
1241 2835 1250 2850 ‚
1264 2812 1382 2858 reliqua
1400 2812 1512 2845 habere
1530 2813 1668 2845 cacruleo
1688 2813 1799 2845 colore
1810 2837 1818 2845 .
1829 2823 1906 2845 cum

160 2870 268 2894 autem
279 2857 403 2892 cursum
414 2859 535 2893 itineris
553 2858 596 2893 sui
609 2872 746 2907 pergens
756 2857 874 2893 subiret
886 2860 999 2894 orbem
1010 2862 1093 2894 Solis
1106 2886 1115 2900 ‚
1126 2873 1203 2895 tunc
1224 2873 1292 2894 eam
1314 2859 1406 2904 radijs
1416 2883 1425 2898 ‚
1437 2864 1469 2895 &
1487 2861 1610 2905 impetu
1639 2861 1753 2894 caloris
1772 2860 1903 2905 corripi,

160 2906 345 2954 conuertic'1;
355 2906 544 2941 candentem
555 2919 687 2956 propter
696 2910 763 2943 eius
774 2909 1004 2955 proprietatem
1015 2910 1145 2943 luminis
1153 2910 1192 2943 ad
1203 2910 1323 2943 lumen.
1335 2909 1423 2942 Cum
1439 2919 1545 2941 autem
1555 2921 1590 2942 ea
1611 2921 1745 2943 euocata
1762 2908 1799 2942 ad
1821 2909 1904 2941 Solis

160 2957 255 2991 orbes
265 2955 425 3000 superiora
436 2954 565 3001 spelstet,
574 2966 651 2991 tunc
661 2956 849 2991 inferiorem
863 2968 984 3002 partem
995 2957 1074 2996 εἰυε,
1085 2958 1176 3005 quod
1186 2958 1324 2992 candens
1335 2969 1403 2990 non
1416 2955 1464 2994 fit,
1475 2968 1610 3003 propter
1618 2959 1696 2992 aeris
1715 2956 1905 2991 similitudi-

161 3018 237 3039 nem
247 3003 416 3039 obscuram
428 3004 548 3042 uideri,
560 3016 632 3039 cum
644 3006 683 3040 ad
693 3004 958 3052 perpendiculum
977 3016 1063 3039 extet
1074 3028 1083 3044 ‚
1095 3006 1133 3040 ad
1143 3008 1209 3041 eius
1229 3006 1335 3040 radios
1348 3016 1456 3039 toturn
1468 3006 1577 3039 lumen
1587 3007 1625 3040 ad
1636 3005 1827 3052 superiorem
1839 3003 1906 3049 spe-

89 3063 136 3095 60
164 3055 247 3089 ciem
259 3053 398 3092 retineri,
425 3056 445 3098 (
461 3052 528 3097 {dest
539 3062 635 3089 totum
643 3053 756 3099 eiusfic
763 3055 884 3089 retineri
892 3052 991 3088 lumen
1000 3062 1034 3088 ut
1037 3054 1153 3098 fiarsum
1154 3055 1276 3103 spetiet.
1278 3055 1298 3098 )
1310 3057 1341 3089 &
1352 3065 1429 3088 tunc
1437 3066 1506 3088 earn
1517 3056 1625 3089 uocari
1643 3055 1792 3102 primam.
1821 3054 1908 3087 Cum

1448 3108 1471 3139 Β
1480 3109 1503 3139 Β
1556 3115 1571 3149 3
1727 3102 1909 3150 praeteriens
