2241 3318
290 105 359 140 2²4
980 92 1299 134 LIBER

283 168 341 203 alia
351 178 438 215 parte
447 165 590 202 habuerit
599 190 607 203 ,
621 176 681 212 qua
691 164 747 199 Sol
759 162 929 199 calefacere
940 162 1038 212 possit
1049 186 1058 203 ‚
1068 163 1194 202 uinum,
1205 163 1295 210 quod
1305 161 1365 196 erit
1374 161 1406 196 in
1419 173 1456 196 ea
1467 161 1544 196 cella
1561 157 1732 195 confusum
1744 173 1760 195 a
1771 162 1890 201 calore,
1900 161 2024 198 efficie-

282 228 336 251 tur
348 216 543 251 imbecillum
554 239 562 248 .
574 214 705 247 Olearia
712 224 819 248 autem
830 213 872 247 ita
880 211 925 247 est
938 213 1126 248 collocanda
1136 235 1147 251 ,
1158 224 1193 246 ut
1212 211 1323 246 habeat
1338 224 1355 245 a
1377 211 1511 245 meridie
1520 235 1531 250 ‚
1544 208 1688 257 calidi3c'13
1698 211 1886 258 regionibus
1903 214 2024 247 lumen.

283 266 367 299 Non
378 265 461 297 enim
472 262 567 296 debet
576 263 685 296 oleum
697 262 860 310 congelari
871 288 881 300 ,
891 259 942 295 sed
952 272 1064 308 tepore
1073 262 1187 296 caloris
1195 260 1354 294 extenuari
1367 284 1378 294 .
1411 259 1657 306 Magnitudines
1665 269 1771 293 autem
1792 272 1898 295 earum
1907 261 1946 295 ad
1958 259 2025 295 fru-

282 314 393 347 ἂυυπι
405 312 575 350 rationem,
584 314 613 344 δι
625 322 795 345 numerum
814 310 980 344 doliorum
991 309 1059 344 sunt
1069 308 1219 344 faciendae
1228 331 1239 347 ‚
1249 320 1319 356 quae
1330 320 1404 342 curn
1423 308 1482 342 sint
1493 308 1638 342 cullcaria
1649 319 1704 353 per
1714 308 1856 343 medium
1865 322 2025 356 occupare

282 361 402 395 debent
416 370 588 406 quaternos
599 359 693 405 pedes
703 384 712 393 .
722 357 830 405 Ipsum
839 371 947 393 autem
956 359 1097 394 torcular
1108 358 1129 392 fi
1140 369 1206 392 non
1216 357 1359 392 cochleis
1370 367 1552 402 torquetur,
1563 355 1612 389 scd
1624 355 1768 390 uelitibus
1780 378 1790 394 ,
1800 360 1831 390 δι
1842 361 1941 403 praelo
1953 370 2024 404 pre-

282 410 393 446 mitur,
405 419 444 441 ne
461 408 566 442 minus
575 408 712 455 longum
722 407 818 455 pedes
854 407 1039 453 uadraginta
1049 405 1272 444 constituatur,
1282 406 1326 440 ita
1336 406 1421 440 enim
1432 406 1492 439 erit
1510 404 1663 439 ueffiario
1681 403 1815 450 spatium
1827 406 2023 451 expeditum,

282 457 440 492 Latitudo
457 456 526 491 eius
537 469 576 490 ne
586 458 692 491 minus
701 455 820 503 pedum
829 420 944 490 aenum
962 456 1081 490 denum
1094 480 1105 495 ,
1116 467 1188 489 nam
1200 454 1240 489 fic
1249 454 1308 488 erit
1317 453 1355 487 ad
1366 454 1495 500 plenum
1513 465 1596 500 opus
1614 450 1805 488 facientibus
1817 453 1913 488 libera
1923 453 2026 489 uersa-

282 506 335 540 tio
346 527 357 542 ‚
367 504 552 551 &expedita
564 531 573 540 .
601 506 631 539 Si
644 515 750 539 autem
759 504 888 539 duobus
899 505 1001 550 praelis
1012 505 1089 538 loco
1099 516 1184 550 opus
1197 502 1293 537 fuerit
1303 526 1312 541 ,
1324 513 1464 548 quatuor
1475 505 1507 537 δι
1517 502 1633 549 uiginti
1651 501 1748 548 pedes
1764 501 1924 536 latitudini
1944 502 2024 537 den-

283 565 337 589 tur
346 579 356 588 .
381 554 504 593 Ouilia,
516 557 546 588 δι
559 554 687 600 caprilia
695 554 737 587 ita
748 565 863 600 magna
873 552 942 588 sunt
954 551 1098 586 facienda
1107 575 1116 590 ,
1128 563 1162 585 ut
1173 551 1293 598 singula
1305 562 1419 597 pecora
1428 563 1506 586 areae
1517 563 1557 585 ne
1567 551 1671 584 minus
1682 551 1778 596 pedes
1787 561 1961 597 quaternos
1972 573 1982 590 ,
1991 555 2023 586 δι

283 601 490 649 semipedem,
502 614 541 636 nc
551 604 621 649 plus
633 601 726 636 senos
746 601 866 649 possint
877 601 1002 636 habere.
1017 601 1171 635 Granaria
1183 599 1357 638 sublimata,
1369 603 1400 634 ἅτ
1410 599 1449 633 ad
1467 599 1727 646 Septentrionem
1736 623 1746 637 ,
1757 610 1811 633 aut
1820 600 2025 647 Aquilonem

284 651 457 698 speRantia
467 648 519 684 dis
514 662 688 696 ponantur.
699 651 741 684 ita
754 650 840 683 enim
851 648 1007 684 frumenta
1021 661 1087 683 non
1099 660 1253 695 poterunt
1264 649 1331 682 cito
1342 646 1556 682 concalescere
1567 673 1578 687 ‚
1589 645 1640 681 sed
1650 645 1759 681 afflatu
1779 646 1959 695 refrigerata
1970 649 2026 682 diu

282 699 459 735 seruantur.
468 699 608 746 Nanque
617 710 737 733 caeterae
749 698 903 745 regiones:
915 709 1083 744 procreant
1092 698 1314 732 curculionem
1327 720 1337 735 ‚
1347 699 1378 735 δι
1389 697 1524 743 reliquas
1531 696 1682 730 bestiolas
1692 720 1702 735 ‚
1712 708 1782 743 quae
1792 694 1963 731 frumentis
1974 695 2026 730 so·

283 751 351 783 lent
364 759 480 782 nocere
490 771 499 782 .
513 747 641 795 Equilia
652 746 749 794 quiim
763 746 900 780 maxime
910 747 941 780 in
956 747 1026 780 uilla
1036 769 1046 785 ‚
1056 746 1110 780 ubi
1121 746 1191 780 loca
1200 744 1384 779 calidissima
1393 743 1525 782 fuerint,
1536 743 1865 783 constituantur‚dum
1877 756 1916 779 ne
1924 746 1963 779 ad
1974 743 2027 779 fo—

283 810 358 832 cum
369 795 510 842 speeiem
524 819 533 835 ,
542 807 615 830 cum
626 797 712 829 enim
723 796 867 828 iumenta
879 795 1026 840 proxime
1036 796 1146 842 ignem
1156 793 1352 828 stabulantur
1360 818 1372 833 ‚
1383 793 1513 828 horrida
1523 791 1619 827 fiunt.
1638 795 1720 827 Item
1739 805 1808 827 non
1818 791 1888 828 sunt
1899 794 2026 828 inutilia

283 843 445 893 praesepia,
456 856 528 890 quae
540 844 742 877 collocantur
751 854 838 877 extra
847 843 986 877 culinam
994 844 1028 878 in
1040 855 1163 890 aperto,
1175 853 1288 877 contra
1298 843 1468 881 orientem,
1478 853 1553 875 cum
1572 843 1700 876 enimin
1710 842 1822 888 hyeme
1831 843 1904 876 anni
1916 841 2025 876 screno

283 895 372 928 coelo
380 896 413 926 in
431 905 466 926 ea
482 892 704 930 traducuntur.
714 892 876 926 matutino
893 891 996 926 boues
1005 892 1044 927 ad
1055 893 1164 926 Solem
1175 891 1326 938 pabulum
1337 890 1509 938 capientes,
1521 889 1604 924 fiunt
1612 891 1779 926 nitidiores
1790 915 1800 925 .
1811 891 1952 928 Horrea,
1964 889 2027 924 ἴα»,

283 943 362 978 nilla
372 965 382 980 ‚
394 940 520 975 ferraria
538 939 667 986 pistrina
683 952 767 974 extra
777 941 883 974 uillam
895 939 1036 975 facienda
1049 940 1200 975 uidentur
1209 962 1220 978 ‚
1231 950 1265 974 ut
1274 939 1314 974 ab
1326 940 1410 986 ignis
1427 939 1572 985 periculo
1585 937 1645 972 {int
1655 939 1736 974 uillae
1747 940 1884 974 tutiores
1895 961 1906 977 ‚
1916 939 1937 973 fi
1947 939 2027 986 quid

283 990 450 1024 delicatius
469 990 501 1023 in
517 990 599 1023 uillis
611 988 794 1023 faciendum
813 987 973 1028 fuerit,ex
984 988 1184 1035 symmetrijs,
1196 1000 1266 1036 quae
1276 989 1307 1023 in
1321 987 1447 1023 urbanis
1468 985 1558 1033 supra
1577 983 1691 1035 scripta
1701 987 1771 1022 sunt
1781 987 1954 1023 constituta
1964 1012 1974 1028 ,
1985 989 2027 1022 ita

284 1040 455 1077 struantur,
465 1049 499 1072 ut
509 1038 571 1073 fine
585 1038 800 1083 impeditione
812 1036 935 1072 rusticae
951 1040 1094 1073 utilitatis
1106 1038 1318 1072 aedificentur.

333 1089 423 1132 Ruris
431 1099 548 1134 quoque
564 1085 718 1131 meminiffi‘
728 1088 814 1121 iuuat
823 1111 831 1120 .
851 1086 985 1130 n.vnfiue
1005 1087 1166 1122 utilitatem
1175 1086 1256 1130 ,fiue
1264 1085 1448 1134 uoluptatem
1460 1086 1624 1133 ¹(pellemus
1633 1109 1644 1124 ,
1657 1087 1731 1133 quid
1743 1097 1812 1120 rure
1822 1086 2005 1131 fructuosius
2015 1109 2025 1125 ‚

283 1139 356 1185 quid
365 1135 574 1170 delectabilius
582 1134 636 1180 effe
654 1136 755 1183 poteft
765 1160 773 1168 .
799 1135 904 1170 Multa
915 1136 1003 1170 multi
1011 1138 1048 1170 de
1055 1134 1222 1177 ‹edificanda
1239 1136 1309 1169 uilla
1317 1146 1374 1169 non
1385 1134 1527 1181 ignobiles
1541 1136 1686 1170 authores
1702 1135 1872 1170 trac't'arunt
1879 1157 1890 1173 ‚
1901 1147 2027 1182 quorum

282 1193 433 1235 praecepta
442 1184 495 1231 aliq·
504 1185 638 1230 colligere
654 1183 776 1218 uoluere
786 1209 795 1218 .
812 1188 896 1228 ‘Nos
902 1193 1004 1218 autem
1012 1183 1092 1228 satis
1102 1183 1198 1229 officio
1215 1182 1413 1228 nostrofeciffe
1418 1193 1563 1230 putamus
1570 1206 1580 1222 ‚
1585 1183 1614 1229 fi
1621 1186 1805 1219 Vitruuiana
1811 1192 1961 1231 praecepta
1973 1183 2027 1218 ob-

280 1233 480 1278 seruabimus,
491 1246 510 1268 a
521 1233 628 1282 quibus
628 1234 712 1278 forte
721 1232 774 1279 alu'
785 1231 835 1275 sua
838 1232 985 1280 sumpsere
997 1259 1006 1266 .
1033 1232 1192 1279 Eligendus
1198 1234 1288 1278 igitur
1296 1230 1334 1274 esi
1342 1231 1425 1267 locus
1426 1231 1562 1275 fizlubris
1571 1255 1581 1271 ‚
1590 1244 1660 1267 nam
1673 1232 1726 1267 ubi
1733 1244 1800 1267 cum
1813 1244 1884 1266 orco
1893 1232 2026 1279 pacisci—-

283 1295 363 1320 mur,
374 1293 432 1316 non
440 1281 537 1325 solum
544 1291 707 1329 prouentus
714 1304 724 1319 ‚
729 1282 782 1324 sed
798 1283 862 1315 uita
888 1280 978 1316 dubia
987 1281 1024 1324 esi
1033 1305 1043 1320 ,
1053 1284 1229 1315 numomors
1237 1280 1296 1328 ips-’z
1304 1283 1413 1316 certior
1420 1279 1458 1322 esi
1466 1304 1475 1313 2
1485 1282 1574 1328 qudm
1582 1281 1709 1316 lucrum.
1719 1282 1819 1316 deinde
1831 1282 1940 1328 optimo
1953 1292 2026 1314 con-

279 1331 351 1378 filio
359 1340 423 1365 tam
430 1342 539 1377 magna
541 1329 723 1375 fabricanda
732 1328 770 1371 esi
777 1330 851 1363 villa
860 1352 870 1367 ,
881 1329 970 1374 qua'm
975 1331 1215 1378 copiaftuc‘luum
1223 1352 1232 1367 ‚
1244 1329 1343 1377 agriq‚·
1355 1329 1475 1364 cultura
1481 1330 1620 1376 pos‘iulat
1628 1355 1637 1365 .
1664 1336 1702 1366 A
1699 1332 1750 1376 gri
1756 1333 1862 1365 modus
1871 1351 1881 1367 ‚
1891 1335 1932 1369 &⁴
1943 1341 2010 1363 men
2016 1350 2027 1359 -

279 1380 354 1426 fiira
362 1379 417 1424 effe
425 1378 513 1414 debet
525 1404 534 1412 .
552 1390 622 1413 nam
630 1380 807 1422 ueriss'imum
822 1377 861 1420 esi
868 1379 939 1412 illud
947 1401 957 1416 ,
966 1381 1045 1426 quod
1053 1381 1163 1414 dicitur
1174 1404 1183 1413 .
1209 1383 1335 1425 Agrum
1345 1377 1449 1412 colono
1458 1377 1513 1423 effe
1528 1377 1700 1414 debiliorem
1711 1387 1848 1425 oportere
1856 1404 1866 1416 ‚
1878 1389 1946 1411 nam
1959 1389 2027 1412 cum

284 1430 399 1477 optima
424 1427 544 1463 cultura
559 1429 689 1473 indigeat
698 1449 708 1464 ‚
717 1437 786 1461 cum
794 1426 891 1461 coloni
899 1429 978 1462 uires
986 1439 1042 1462 non
1046 1428 1116 1472 fiant
1123 1429 1230 1462 idoneae
1240 1428 1280 1462 ad
1287 1426 1438 1462 colendum
1445 1439 1551 1473 agrum
1560 1450 1570 1466 ‚
1581 1427 1691 1473 necesse
1698 1426 1735 1469 esi
1743 1427 1870 1462 multum
1874 1427 2025 1469 ftuffuum

283 1479 428 1525 deperire,
441 1476 590 1524 undefiepe
598 1487 738 1522 agrorum
745 1477 831 1523 copia
839 1475 917 1511 male
925 1478 1053 1511 minores
1062 1477 1151 1523 affert
1157 1485 1331 1523 prouentus,
1340 1475 1430 1522 qudm
1438 1478 1535 1510 minor
1544 1475 1617 1511 bene
1623 1476 1717 1511 culta.
1745 1482 1874 1511 Tantum
1882 1477 1973 1521 igitur
1981 1484 2027 1509 te-

283 1527 414 1562 umidum
422 1527 478 1563 eft,
487 1535 633 1571 quantum
634 1523 772 1568 fiisiinere
786 1524 944 1572 possumus,
954 1524 995 1559 nil
1002 1527 1078 1560 enim
1083 1524 1198 1573 prodest
1205 1525 1280 1560 uelle
1285 1526 1428 1572 possidere
1437 1547 1447 1564 ,
1457 1531 1498 1565 &-
1508 1526 1583 1559 nolle
1591 1525 1697 1560 colere.
1724 1527 1812 1571 Qod
1822 1535 1894 1558 uero
1905 1526 1946 1557 ad
1953 1525 2027 1558 uilla

284 1576 415 1623 pertinet
422 1573 652 1616 aedificationem,
656 1574 816 1619 fugiendus
824 1571 862 1615 esi
871 1574 1036 1614 Lucum&
1044 1574 1171 1609 Sceuolae
1179 1575 1293 1608 modus.
1304 1574 1440 1608 Lucullus
1448 1576 1525 1608 enim
1536 1573 1618 1608 ultra
1625 1575 1744 1608 modum
1749 1584 1890 1619 agrorum
1898 1571 2027 1619 amplio-

285 1635 349 1659 rem
357 1624 456 1657 uillam
464 1622 618 1665 aedzficauit
631 1644 642 1660 ‚
653 1621 782 1656 scaeuola
791 1631 891 1656 autem
900 1623 1008 1666 defecit
1017 1645 1028 1660 ,
1037 1625 1111 1658 unde
1119 1622 1209 1657 alteri
1217 1624 1314 1656 minus
1313 1622 1553 1669 sumptus,alteri
1562 1625 1678 1657 euidens
1686 1624 1802 1656 iatiura
1812 1619 2022 1666 obiiciebatur.

285 1679 361 1709 Sunt
368 1681 469 1706 autem
477 1674 507 1705 in
525 1670 598 1705 urbe
607 1669 703 1713 nostra
713 1693 724 1708 ‚
731 1673 782 1717 qui
790 1673 850 1704 iam
861 1670 1016 1706 Lucullum
1031 1674 1173 1720 incipiant
1182 1673 1302 1709 imitari,
1311 1672 1389 1719 quod
1394 1681 1544 1719 nunquam
1554 1671 1677 1706 laudare
1683 1680 1788 1718 potero
1800 1697 1809 1705 .
1814 1669 2028 1714 fibi-icamiam

285 1724 381 1768 igitur
388 1721 433 1755 est
443 1732 512 1754 rure
521 1722 565 1755 ita
574 1742 583 1758 ‚
594 1729 627 1754 ut
635 1731 727 1767 neque
730 1719 844 1763 fundus
851 1720 963 1758 uillam,
972 1732 1026 1755 nec
1034 1721 1103 1755 uilla
1106 1721 1233 1764 fundum
1249 1719 1391 1764 defideret
1400 1746 1408 1753 .
1433 1721 1502 1756 Ideo
1511 1726 1542 1755 V
1542 1722 1594 1754 itr.
1604 1723 1699 1768 inquit
1709 1742 1718 1757 ‚
1726 1719 1944 1765 magnitudines
1952 1729 1985 1751 ea
1990 1718 2027 1752 rii

286 1773 327 1805 ad
336 1770 452 1803 modum
460 1771 536 1814 agri,
548 1768 684 1816 εορίασᾴς
691 1769 842 1811 βιιὲἶιιιινη
850 1778 1074 1816 comparentur,
1084 1781 1119 1803 ne
1126 1768 1257 1815 angustia
1276 1769 1348 1803 uillae
1355 1768 1465 1803 multos
1468 1769 1583 1812 ftuc‘lus
1591 1769 1750 1812 inseritatos
1760 1767 1910 1815 relinquat
1919 1790 1929 1800 .
1937 1765 2027 1813 post-

287 1829 379 1867 quam
387 1819 478 1864 igitur
485 1817 543 1852 loci
544 1816 756 1860 fizlubritatem
764 1816 1170 1865 quaesierinius‚aedificanduni
1179 1819 1224 1852 esi
1231 1818 1271 1852 ad
1278 1829 1418 1863 agrorum
1426 1819 1691 1852 modffcmaeaeterum
1700 1818 1774 1851 uillae
1781 1815 1933 1850 liberiores
1939 1815 2023 1858 sunt,

287 1867 381 1916 qudm
389 1865 508 1901 urbana
518 1868 590 1901 aedes
599 1888 609 1904 ,
620 1865 750 1914 multaq5
760 1867 852 1902 inillis
862 1869 1114 1904 commoditatem
1122 1865 1208 1901 nobis
1215 1868 1370 1914 quaerenda
1377 1889 1386 1904 ‚
1397 1866 1495 1901 multoc
1505 1880 1523 1900 a
1531 1874 1639 1902 natura
1647 1864 1784 1900 habenda
1789 1864 1860 1908 fimi
1871 1889 1881 1900 .
1893 1866 1955 1911 Qi
1964 1875 2030 1897 me-

287 1914 400 1951 diocris
411 1913 449 1957 est
458 1915 604 1959 fortuna,
614 1916 797 1949 commodam
814 1916 915 1949 uillam
924 1914 1035 1950 habere
1052 1916 1171 1950 studeat
1181 1937 1191 1952 ‚
1202 1924 1237 1949 ut
1255 1913 1394 1949 libentius
1413 1927 1492 1949 uxor
1499 1913 1542 1949 ibi
1549 1923 1668 1949 maneat
1677 1937 1687 1952 ‚
1696 1914 1822 1948 utilitati
1825 1914 1928 1960 potius
1936 1911 2027 1959 qudm

289 1964 438 2012 uoluptati
445 1963 595 2007 inftruiat.
603 1964 722 1998 Diuites
729 1975 800 1997 uero
809 1972 880 1998 ante
887 1970 928 2003 ύ-
940 1966 1162 2004 domefiicis,&
1169 1961 1330 2010 hospitibus
1336 1962 1492 2009 magnifice
1497 1962 1870 2010 prouidcant‚uoluptatem
1879 1969 2025 2008 quaram,

288 2022 450 2048 amoueant
458 2025 477 2046 a
487 2014 566 2046 uillis
574 2014 712 2059 quicquid
720 2011 811 2055 uifiim
823 2033 833 2049 ‚
847 2017 888 2051 &⁰
900 2013 1056 2046 odoratum
1065 2013 1211 2059 offendere
1227 2010 1320 2058 potest
1328 2034 1338 2049 ,
1349 2013 1447 2045 omnia
1467 2012 1583 2045 demum
1591 2023 1657 2045 cum
1674 2013 1818 2056 dignitate
1820 2009 1898 2051 fiant
1909 2034 1916 2041 .
1927 2008 2027 2043 coloni

290 2061 441 2097 habitatio
446 2071 502 2108 pro
511 2059 611 2099 rebus,
613 2059 749 2104 firmius,
757 2060 936 2095 animalibus
943 2083 954 2098 ,
963 2059 1158 2102 instrumentis
1173 2059 1304 2107 disposita
1313 2061 1485 2094 collocetur.
1509 2064 1602 2096 ,Area
1609 2059 1671 2094 Soli
1679 2058 1823 2105 expofita‚
1833 2056 1943 2104 ampla,
1952 2055 2026 2093 bene

282 2109 426 2155 subabla,
436 2112 465 2143 in
473 2112 566 2144 medio
576 2119 691 2144 tumens
697 2131 708 2148 ‚
719 2110 797 2144 telio
803 2111 945 2156 proxima
950 2108 991 2153 fit
1000 2134 1010 2143 .
1038 2110 1164 2145 colonus
1171 2110 1261 2143 ianuae
1266 2110 1420 2156 proximus
1427 2110 1557 2143 dormiat
1566 2124 1577 2149 ,·
1582 2107 1691 2152 famuli
1700 2110 1730 2141 in
1738 2106 1785 2140 his
1793 2105 1878 2144 locis,
1889 2118 1905 2141 e
1915 2103 2024 2153 quibus

289 2160 330 2194 ad
341 2158 440 2202 officia
449 2158 568 2205 quisque
571 2158 627 2202 fica
631 2160 801 2205 promptior
803 2156 848 2202 fit
857 2183 867 2193 .
893 2157 998 2194 culina
1006 2157 1118 2205 ampla,
1130 2157 1229 2192 lucida
1237 2179 1247 2194 ,
1257 2155 1297 2191 ab
1307 2159 1373 2203 igne
1381 2163 1421 2196 dy·
1431 2166 1500 2191 tuta
1505 2156 1560 2201 fit.-
1568 2158 1721 2192 ‘Penuaria
1727 2155 1880 2190 commoda
1890 2152 2026 2189 habean-

289 2205 476 2245 tmu‘tabula
486 2209 558 2241 item
561 2207 624 2250 Juis
631 2206 705 2241 locis
711 2207 902 2245 collocentur,
915 2215 948 2241 ut
954 2207 1110 2244 animalia,
1121 2217 1184 2253 quae
1191 2204 1289 2239 labori
1291 2205 1360 2249 Jimt
1367 2204 1506 2247 destinata
1516 2228 1525 2243 ,
1535 2205 1615 2240 rec‘t'e'
1631 2203 1773 2239 habeant.
1786 2205 1822 2248 ijs
1830 2203 1900 2238 uero
1907 2204 2024 2237 anima·

289 2255 369 2291 libus
375 2268 394 2289 a
404 2253 511 2303 quibus
514 2255 630 2297 stulius
637 2257 781 2301 exigimus
788 2277 799 2292 ‚
809 2264 844 2289 ut
846 2256 916 2299 fitnt
924 2267 1006 2293 oues,
1011 2257 1108 2303 porci,
1116 2255 1188 2301 pulli
1198 2275 1207 2291 ,
1215 2253 1346 2288 columbi
1354 2277 1365 2292 ,
1374 2255 1491 2301 lepores
1500 2277 1510 2292 ,
1519 2265 1602 2291 aues,
1611 2253 1700 2300 pisces
1708 2276 1718 2290 ,
1730 2250 1920 2296 &similibus
1927 2273 1938 2290 ‚
1956 2250 2026 2285 loca

286 2311 489 2353 praeparentur
497 2306 622 2341 naturis,
632 2309 674 2343 (φ
684 2302 882 2349 qualitatibus
892 2315 994 2339 eorum
1001 2304 1226 2338 accommodata
1238 2327 1248 2337 .
1275 2309 1417 2340 Granum,
1429 2302 1568 2346 &semen
1578 2314 1661 2336 omne
1668 2302 1791 2337 humore
1799 2300 1962 2344 marcescit,
1972 2311 2026 2334 ca-

290 2350 355 2388 lore
360 2353 452 2400 pallet
461 2374 472 2390 ,
480 2351 631 2386 arflatum
638 2354 758 2397 cogitur
766 2374 777 2390 ‚
794 2358 836 2391 Θ
844 2352 928 2387 calce
936 2352 1075 2387 contactu
1093 2354 1293 2398 corrumpitur
1302 2375 1311 2385 .
1321 2353 1385 2386 ideo
1394 2363 1423 2385 m
1432 2350 1703 2396 contignationibus
1711 2373 1721 2388 ‚
1731 2348 1943 2394 &sublimatis
1951 2348 2026 2384 locis

290 2403 424 2450 ponitur,
435 2409 490 2434 aut
498 2401 579 2434 nuda
588 2409 671 2434 terra
673 2399 730 2443 fich
739 2412 815 2434 caua
826 2403 865 2435 ad
874 2399 995 2436 boream
1004 2401 1169 2435 collocatur
1177 2424 1188 2434 .
1212 2407 1310 2435 ‘Poma
1316 2401 1430 2446 frigidis
1442 2398 1515 2434 locis
1523 2421 1533 2437 ,
1543 2398 1724 2447 tabulatisq,-
1737 2399 1899 2442 seruantur
1908 2422 1918 2430 .
1945 2397 2024 2432 Cella

291 2452 409 2485 uinaria
410 2447 618 2493 subterranea,
630 2448 758 2492 occlusa,
777 2461 797 2482 a
807 2451 939 2490 meriaie,
947 2449 1076 2496 uentislss
1092 2447 1270 2491 australibus
1287 2448 1390 2492 auersa
1401 2473 1410 2487 ,
1419 2461 1439 2482 a
1446 2449 1572 2496 §irepitu
1583 2456 1698 2482 remota
1709 2472 1719 2481 .
1749 2453 1856 2482 Lumen
1864 2445 1975 2480 habeat
1983 2443 2024 2479 ab

292 2500 406 2533 oriente
414 2520 425 2536 ,
433 2507 489 2532 aut
497 2510 517 2532 a
527 2496 617 2532 borea
627 2523 636 2531 .
663 2503 768 2544 Vapor
777 2500 881 2534 omnis,
885 2497 976 2540 foetor
986 2500 1068 2535 item,
1081 2503 1122 2536 &-
1131 2497 1237 2531 humor
1246 2495 1286 2531 ab
1297 2509 1331 2531 ea
1342 2495 1428 2531 debet
1437 2495 1532 2540 abeffi‘
1541 2519 1551 2533 ,
1562 2499 1605 2530 ita
1611 2498 1740 2543 pendeat
1747 2517 1758 2533 ‚
1769 2494 1855 2539 &fit
1861 2496 2026 2541 pauimen-

291 2555 360 2582 eata
369 2569 380 2585 ‚
390 2555 424 2581 ut
433 2545 553 2593 effiisum
561 2548 660 2580 uinum
662 2545 756 2590 facile
763 2545 860 2592 colligi
874 2546 962 2593 possit
973 2570 982 2579 .
1009 2545 1088 2589 I'aflz
1098 2547 1214 2580 uinaria
1230 2545 1404 2592 amplissima
1414 2551 1456 2584 &
1462 2544 1614 2588 firmafint
1623 2568 1633 2579 .
1657 2551 1754 2579 Boues
1769 2543 1808 2578 ab
1817 2543 1906 2577 humo
1915 2543 2024 2578 edant,
2056 2563 2058 2565 -

293 2595 497 2642 aequisfoenum
512 2607 532 2629 a
545 2597 660 2641 pariete
674 2604 729 2641 pro
752 2595 874 2632 emieat,
881 2596 982 2642 parics
989 2603 1090 2628 autem
1107 2593 1209 2638 nonsit
1218 2594 1354 2628 humidus
1364 2617 1373 2631 ,
1383 2593 1515 2628 humenti
1531 2595 1607 2627 enim
1623 2604 1690 2627 cum
1705 2594 1801 2640 capite
1813 2591 1874 2635 sint
1884 2593 1933 2629 ,in
1942 2599 2026 2624 motu

292 2642 492 2688 eaficcantun
504 2649 546 2682 Θ*
554 2646 598 2677 ita
607 2642 679 2678 bene
685 2643 725 2677 ha
748 2652 797 2677 ent
805 2665 815 2681 ,
823 2655 917 2690 quare
924 2645 1089 2677 cauendum
1097 2641 1135 2684 esi
1141 2654 1177 2677 ne
1194 2642 1292 2676 lumen
1301 2648 1384 2677 Lunae
1394 2644 1424 2676 in
1431 2654 1534 2677 earum
1542 2640 1664 2676 stabula
1665 2640 1812 2684 subintret
1822 2665 1832 2674 .
1859 2645 1940 2674 Luna
1948 2640 2026 2673 enim

292 2704 436 2739 equorum
445 2691 524 2727 oculi
534 2691 676 2726 luduntur
683 2716 694 2725 .
719 2697 758 2728 Μ
758 2690 810 2726 ula
826 2691 929 2727 calidis
936 2713 947 2728 ‚
957 2689 1095 2734 obscuris,
1106 2697 1147 2730 (y
1156 2691 1290 2738 depreffis
1298 2690 1615 2734 locisfuritdvlensurao·
1622 2688 1804 2730 stabulorum
1813 2711 1822 2727 ,
1832 2695 1873 2728 (7'9‘
1881 2696 2026 2736 quantum

293 2741 407 2789 quodq';
415 2752 490 2775 areae
498 2750 622 2788 occupet
630 2739 753 2777 animal,
762 2742 821 2775 iam
831 2746 861 2775 V
862 2742 915 2774 itr.
923 2739 1090 2776 declarauit
1101 2764 1109 2773 .
1126 2739 1281 2786 Agricola
1289 2738 1548 2781 instrumentafius
1555 2739 1639 2776 locis,
1649 2744 1690 2778 <qr
1695 2747 1836 2785 prompta
1845 2739 2023 2783 disponatur.

293 2794 417 2827 currus,
427 2791 508 2835 iuga,
519 2798 665 2826 aratrum,
675 2787 794 2827 corbes,
798 2789 886 2833 funes
890 2787 947 2832 filb
956 2788 1037 2822 tecto
1046 2788 1237 2822 collocentur.
1263 2786 1419 2824 Torculari
1429 2789 1516 2822 detur
1527 2785 1610 2821 locus
1617 2786 1744 2833 amplus,
1757 2788 1792 2820 de
1801 2787 1885 2822 cuius
1892 2783 2024 2827 mensura

288 2836 364 2881 fictis
373 2838 419 2872 eft
427 2850 446 2870 a
463 2840 565 2872 Vitru.
579 2838 700 2872 ditium.
727 2838 817 2884 Qod
824 2846 926 2872 autem
942 2837 1051 2871 dicitur
1057 2838 1094 2870 de
1103 2835 1206 2883 dolus,
1220 2848 1282 2884 quae
1291 2847 1358 2871 cum
1366 2835 1428 2880 sint
1446 2835 1587 2870 cullearia
1599 2854 1609 2872 ‚
1613 2834 1763 2878 sciendum
1777 2833 1816 2877 esi
1825 2835 1950 2870 culleare
1966 2843 2026 2868 uas

293 2885 399 2930 uiginti
407 2884 570 2931 amphoras
586 2888 735 2920 continere
745 2908 755 2923 ,
764 2885 910 2933 amphora
925 2894 1026 2920 autem
1042 2886 1241 2932 quadraginta
1251 2885 1401 2928 stxtarios
1411 2909 1421 2918 .
1447 2884 1564 2918 cuneus
1580 2883 1745 2931 amphoras·
1764 2885 1870 2928 uiginti
1887 2883 1980 2927 capit,
1990 2888 2025 2913 ut

293 2933 413 2979 collegit
421 2932 585 2968 ‘Philander
595 2958 604 2966 .
615 2933 682 2975 idest
691 2933 789 2969 libras·
798 2933 973 2977 mensurales
983 2958 992 2968 .
1003 2931 1229 2981 quibusscilicet
1249 2936 1293 2967 rei
1300 2931 1409 2970 moles,
1421 2943 1478 2966 non
1493 2935 1607 2978 pondus
1618 2935 1737 2978 exigere
1754 2932 1832 2966 mille
1840 2932 2002 2973 sexcentas
2015 2952 2025 2963 .

294 2981 442 3029 amphora
450 2992 546 3015 urnae
555 2982 642 3018 duas,
654 2981 721 3024 ideli
730 2982 825 3017 libras
834 2983 995 3028 olioginta.
1021 2988 1050 3016 V
1052 2993 1107 3016 rna
1117 2984 1236 3028 congios
1244 2991 1386 3030 quatuor,
1395 2979 1462 3023 idesl
1470 2980 1569 3014 librass
1579 2983 1777 3028 quadraginta
1785 3005 1795 3014 .
1827 2976 2028 3023 Congiussex-

2056 573 2102 597 lo

2059 1067 2104 1090 20

2058 1556 2103 1591 3⁴?

2054 2049 2104 2084 49

295 3030 460 3074 tariosfex,
468 3031 499 3064 id
510 3030 555 3066 est
562 3028 660 3065 libras
668 3032 768 3065 decem
778 3054 787 3065 .
797 3033 955 3067 sextarius
961 3030 1095 3075 heminas
1107 3031 1198 3070 duas,
1209 3029 1276 3073 idest
1283 3029 1392 3070 libram
1401 3035 1442 3071 &⁴
1451 3028 1568 3074 bessem.
1573 3029 1639 3075 siue
1646 3030 1754 3065 uncias
1763 3029 1869 3074 uiginti
1879 3026 2028 3078 :licinium
2056 3027 2079 3059 6
2081 3033 2107 3062 ο

1968 3084 2031 3122 qud
