2241 3318
882 134 1249 177 NORVS.
1823 138 1886 181 283

151 203 234 246 eirca
240 211 333 238 mare,
344 206 386 240 &-
393 206 507 235 terram
517 223 528 245 ,
543 205 584 240 &¹
594 208 693 235 motus
695 199 757 242 fiat
760 208 820 246 per
828 201 899 235 axis
906 203 1042 236 cardines
1052 212 1214 241 extremos,
1224 204 1326 238 multis
1337 204 1506 240 rationibus
1514 203 1727 253 comprobatur
1737 230 1746 239 .
1773 205 1897 253 ¹&amsi

151 250 253 287 coelum
261 252 358 283 omnia
367 249 584 296 compleiiitun
596 260 710 284 omnem
719 258 848 295 occupat
857 249 967 287 locum,
981 252 1199 298 omnespatium
1208 255 1360 290 terminat,
1365 253 1394 296 si
1400 254 1460 287 alio
1468 257 1565 292 modo,
1574 254 1665 302 qudm
1673 257 1704 288 in
1713 253 1814 289 orbem
1823 267 1897 289 mo-

151 307 280 336 ueretur,
293 307 374 332 certe
382 299 579 346 antspatimm
590 309 645 333 aut
654 300 740 332 inane
749 307 838 331 extra
850 298 885 340 se
893 299 1088 347 relinqueret,
1098 302 1179 346 quod
1184 313 1204 334 a
1212 303 1326 335 ratione
1339 303 1383 336 efl
1392 301 1521 336 alienum
1531 328 1540 337 .
1549 310 1700 338 Praeterea
1706 304 1804 337 multa
1806 302 1880 347 sunt
1886 323 1899 340 2

144 357 202 395 per
209 358 272 393 quie
278 347 482 393 cognoscimus
491 347 594 382 coelum
604 350 633 382 in
646 344 747 380 orbem
751 348 828 389 ferri
837 369 847 384 ,
864 352 905 386 (9⁸
915 349 994 395 quod
995 347 1088 391 fimili
1097 347 1199 394 figura
1202 349 1261 392 fiiae
1277 351 1402 384 motioni
1409 350 1518 394 conflet
1526 374 1535 389 ,
1545 363 1670 399 quorum
1673 352 1764 399 plena
1766 351 1837 396 sunt
1843 365 1900 387 uo-

148 395 315 436 lumina&
325 399 528 443 experimenta
537 397 670 444 quotidie
681 394 762 437 fiunt
780 394 978 437 instrumentis
985 419 995 434 ,
1008 402 1050 436 ύ-
1067 399 1208 444 quoniam
1224 400 1395 433 continuam
1411 402 1568 434 motionem
1585 403 1735 436 cernimus
1743 414 1772 435 in
1777 412 1899 448 partem

146 455 249 483 unam,
259 447 323 480 ideo
327 445 492 490 firmissima
494 445 581 491 signa
591 447 649 480 duo
659 445 856 489 imaginamur
864 443 997 492 oppofita
1007 467 1017 482 ‚
1030 447 1169 480 continua
1178 446 1257 480 linea
1265 447 1433 485 comitalia,
1445 458 1500 495 per
1509 461 1572 496 quae
1580 449 1722 483 uoluatur
1728 450 1844 488 coelum,
1856 457 1898 491 &⁴

142 495 255 540 punbia
267 494 317 528 illa
329 495 462 528 cardines
472 506 624 531 uocamus,
635 495 774 540 quoniam
784 495 820 538 ijs
829 502 975 541 tanquam
987 493 1159 528 cardinibus
1166 495 1270 528 coelum
1278 497 1364 529 inniti
1371 517 1381 533 ,
1392 502 1433 535 &-
1437 507 1493 543 per
1501 508 1551 530 eos
1558 497 1640 531 uolui
1649 499 1777 532 uidetur.
1787 498 1899 533 lineam

147 553 218 575 uero
237 543 317 577 illam
324 554 414 577 axem
425 545 618 576 nominamus.
628 544 716 576 cuius
725 551 862 577 extrema
875 542 946 585 sunt
953 544 1090 578 cardines
1098 542 1152 590 ipsi
1159 569 1169 581 ,
1180 545 1232 591 qui
1240 549 1282 583 Θ
1286 543 1353 590 poli
1359 545 1497 579 dicuntur
1506 569 1516 579 .
1547 552 1687 580 Caterum
1695 549 1837 594 quicquid
1845 559 1900 582 nos

147 592 182 625 de
188 590 297 637 fignis,
308 589 409 629 lineis,
420 590 573 639 circulisq;
583 593 612 625 in
625 590 696 625 coelo
710 592 834 625 dicimus
843 615 854 630 ,
864 594 894 626 id
904 593 944 626 ad
951 593 1162 627 euidentiorem
1170 592 1382 627 declarationis
1395 596 1514 628 modum
1529 595 1626 628 dicere
1626 593 1760 637 solemuss
1769 617 1780 632 ,
1788 605 1900 632 natura

72 637 88 662 ¹
95 637 117 661 ⁰
144 641 220 674 enim
231 642 260 674 in
268 639 340 675 coelo
350 651 407 674 non
412 639 493 683 siint,
502 641 582 687 quod
587 650 744 687 perperam
752 641 881 675 nonnulli
886 649 1007 688 putant.

194 689 336 732 NANQ
344 701 360 722 E
382 689 413 722 in
424 690 472 723 his
484 690 564 723 locis
576 689 725 722 naturalis
733 690 873 735 potestas
884 692 928 724 ita
938 690 1157 724 Architthata
1168 689 1213 724 est
1222 715 1231 730 ‚
1242 689 1456 739 collocauitc‘]‚·
1465 691 1607 726 cardines
1616 701 1768 739 tanquam
1777 704 1900 732 centra,

145 750 245 772 unum
256 751 274 772 a
289 749 371 772 terra
381 759 392 776 ,
413 741 444 771 ὅ(
457 751 472 771 a
484 739 563 771 mari
582 739 614 771 in
632 737 759 772 summo
770 739 895 772 mundo
905 763 914 777 ,
928 751 964 773 ac
975 739 1047 785 post
1057 739 1134 786 ipsas
1145 740 1245 774 stellas
1256 738 1523 786 septentxionurn.
1532 742 1680 774 Alterum
1691 752 1776 774 trans
1787 753 1901 776 contra

144 786 200 821 sub
210 787 334 821 terrain
346 786 527 821 meridianis
545 787 689 834 partibus
700 808 710 824 ,
719 786 798 833 ibiq;
815 788 936 821 circum
949 800 1006 821 eos
1015 789 1159 822 cardines
1176 788 1345 823 orbiculos
1355 814 1364 828 ,
1389 801 1543 836 tanquam
1562 790 1682 823 circum
1694 800 1856 827 centramt
1866 791 1902 825 in

146 847 245 869 torno
257 834 402 882 perfecit,
412 836 467 884 qui
479 836 582 883 graece
599 837 679 867 πέλοι
688 838 908 874 nominantur,
919 848 975 883 per
984 848 1066 883 quos
1073 837 1249 885 peruolitat
1259 837 1453 886 sempiterno
1463 839 1646 874 coelum.1ta
1655 837 1760 873 media
1770 849 1852 874 terra
1861 841 1903 875 cst

144 885 236 924 mari,
252 885 354 918 centri
364 885 441 919 loco
452 886 636 919 naturaliter
645 883 690 917 est
699 886 870 920 collocata.

193 940 261 969 Duo
265 933 340 977 sunt
350 936 493 972 cardines,
506 941 547 974 (9-
554 933 627 981 poli,
639 936 692 980 qui
698 935 727 967 in
736 936 842 968 mundo
846 945 904 982 per
911 937 1088 971 diametrum
1100 945 1287 984 opponuntur
1294 960 1304 976 ‚
1310 937 1364 981 sed
1371 939 1450 985 quod
1458 937 1538 972 alter
1540 938 1658 984 semper
1659 935 1810 980 sublimis,
1821 936 1903 972 alter

144 981 351 1030 depreffmfit,
361 995 419 1016 non
427 982 465 1025 eft
473 982 513 1017 ab
513 983 614 1027 solute
622 994 736 1020 uerum,
745 982 798 1026 nist
807 986 974 1024 rationem&
984 985 1110 1032 respee‘t'u
1120 984 1333 1020 habitantium.
1345 989 1409 1021 ideo
1419 986 1473 1021 vel
1473 986 1519 1030 fic
1527 987 1744 1032 intelligendum
1757 988 1814 1024 eft,
1823 987 1903 1033 qaod

143 1034 188 1066 ait
198 1037 229 1066 V
229 1033 270 1066 itr
284 1057 293 1066 .
305 1031 386 1076 iielfi
395 1031 452 1066 hoc
461 1044 518 1066 non
529 1034 600 1066 dicit
609 1054 618 1069 ‚
630 1040 665 1066 ut
673 1043 713 1066 ex
720 1034 786 1066 eiurs
795 1031 895 1066 uerbis
902 1043 1111 1081 apparet‚cum
1120 1037 1200 1069 dicat
1207 1057 1218 1073 ,
1230 1035 1398 1070 naturalem
1406 1037 1584 1084 potestatem
1593 1038 1636 1070 ita
1645 1035 1899 1071 Architec't'atam

142 1079 190 1125 ess
186 1092 201 1115 e
208 1082 237 1115 in
247 1080 294 1115 his
302 1081 375 1115 locis
385 1103 394 1118 ‚
407 1086 447 1120 (9-
467 1080 648 1125 collocauiffe
659 1081 792 1114 cardines
808 1091 954 1129 tanquam
965 1092 1069 1117 centra
1087 1083 1216 1118 alterum
1225 1086 1254 1118 in
1265 1084 1379 1127 summo
1389 1086 1496 1119 mundo
1507 1107 1517 1122 ,
1527 1084 1656 1119 alterum
1667 1083 1724 1126 sub
1733 1093 1815 1118 terra
1824 1097 1834 1117 .·
1844 1095 1898 1117 nos

68 1131 86 1154 ²
93 1132 113 1154 0
141 1137 243 1164 tamen
254 1132 298 1164 ita
311 1129 474 1175 intelligere
481 1129 625 1165 debemurs
636 1145 647 1169 ,·
658 1141 727 1163 nam
734 1133 822 1177 quiin
831 1132 923 1165 medio
934 1130 1005 1166 orbe
1007 1131 1079 1175 sunt
1087 1131 1127 1166 ab
1135 1141 1263 1180 utroque
1270 1133 1341 1180 polo
1348 1135 1465 1181 pariter
1474 1133 1613 1176 distantes
1621 1156 1630 1171 ‚
1640 1142 1776 1167 neutrum
1784 1131 1899 1167 habent

135 1177 351 1222 sublimiorem,
355 1178 409 1222 sed
420 1188 569 1226 utrunque
578 1181 618 1213 ad
629 1176 749 1213 labrum
758 1178 930 1226 horizontis
939 1181 1116 1215 collocatum
1126 1206 1135 1216 .
1154 1185 1232 1228 Ἅζρη
1241 1184 1342 1216 minus
1352 1184 1404 1230 qui
1413 1181 1495 1217 ultra
1505 1184 1631 1216 medium
1640 1181 1774 1216 incolunt
1779 1183 1897 1228 polum,

141 1226 181 1261 ab
191 1229 242 1262 illa
250 1237 338 1275 parte
342 1227 412 1270 subl
418 1230 505 1261 imem
516 1226 629 1262 habent
637 1249 648 1265 ,
660 1232 700 1267 &⁴
709 1240 729 1262 a
740 1227 836 1270 nostra
851 1251 860 1266 ,
871 1231 924 1276 qui
931 1231 1008 1263 citra
1019 1231 1146 1264 medium
1154 1230 1314 1266 incolimus
1324 1230 1486 1278 depreſjum
1496 1253 1506 1270 ,
1517 1237 1558 1271 Θ
1567 1229 1660 1272 noller
1669 1232 1758 1264 cardo
1770 1231 1826 1264 iilis
1833 1241 1898 1264 me-

142 1278 278 1311 ridianm
287 1276 334 1319 eli,
344 1278 593 1322 quemadmodum
604 1287 704 1310 eorum
717 1275 802 1311 nobis
819 1279 1002 1312 meridiamu-
1011 1277 1049 1320 est
1059 1304 1068 1312 .
1087 1284 1165 1325 Ergo
1167 1279 1249 1324 fiius·
1258 1280 1424 1324 huiusmodi
1439 1282 1556 1315 ratione
1564 1303 1573 1317 ‚
1585 1287 1626 1319 (9
1635 1279 1763 1325 respectu
1772 1290 1831 1312 nou
1839 1277 1898 1313 ab-

136 1324 238 1369 solute
253 1326 458 1370 intelligendus
468 1325 506 1368 esi
522 1349 532 1364 ,
541 1338 610 1360 nam
620 1334 653 1360 ut
663 1328 746 1360 Vitr.
757 1328 812 1364 ait,
823 1335 904 1360 terra
914 1349 923 1364 ‚
936 1333 977 1367 εί]
988 1330 1107 1362 marein
1116 1330 1211 1362 medio
1222 1332 1318 1363 centri
1329 1329 1395 1364 loco
1414 1328 1595 1363 naturaliter
1609 1329 1775 1362 collocatur
1783 1349 1792 1363 ‚
1802 1339 1898 1374 quare

134 1375 273 1421 sequitur
282 1397 292 1413 ,
303 1384 338 1409 ut
345 1374 496 1422 aliquibus
506 1374 677 1421 regionibus
682 1374 772 1422 polus
795 1376 960 1410 extollatur
969 1398 981 1414 ,
993 1377 1136 1411 nonnullis
1146 1377 1332 1424 deprimatur
1340 1401 1351 1416 ‚
1361 1384 1400 1418 (φ
1410 1379 1478 1424 alijs
1485 1375 1671 1425 aquabiliter
1678 1377 1708 1410 in
1725 1375 1898 1421 horizontis

141 1422 229 1457 labro
237 1432 364 1470 uterque
373 1424 535 1458 collocetur
546 1448 555 1458 .
580 1425 670 1470 Qiod
676 1432 778 1458 autem
787 1433 870 1458 terra
872 1424 916 1469 fit
931 1427 961 1459 in
968 1427 1063 1460 medio
1081 1434 1115 1460 ut
1124 1436 1270 1465 centrum,
1275 1436 1364 1475 patet
1375 1439 1415 1462 ex
1425 1439 1470 1464 eo,
1481 1428 1562 1474 quod
1568 1427 1697 1460 omnium
1705 1426 1896 1459 astronomo-

142 1483 208 1506 rum
219 1471 354 1515 consensu
365 1483 543 1519 quacunque
547 1482 638 1520 parte
643 1471 687 1516 sit
702 1472 802 1511 homo,
809 1473 925 1521 semper
933 1476 994 1508 eius
996 1473 1101 1517 finitor
1110 1487 1147 1509 ac
1155 1478 1331 1510 terminator
1344 1477 1493 1511 dimidium
1511 1474 1613 1510 coelum
1618 1475 1769 1521 partitur.
1781 1484 1895 1518 organa

141 1522 232 1554 etiam
241 1519 352 1568 quibus
362 1521 475 1554 utimur
483 1541 494 1557 ‚
507 1521 594 1556 nobis
602 1523 681 1569 aque*
690 1521 930 1567 inseruiunt‚acfi
939 1535 968 1557 in
978 1532 1081 1557 centro
1093 1523 1212 1568 effcmus
1221 1525 1370 1560 collocati.
1376 1526 1499 1572 paritas
1508 1526 1620 1558 dierum
1629 1524 1731 1568 arguit
1740 1530 1854 1556 terram
1863 1523 1895 1555 in

139 1570 234 1603 medio
243 1569 394 1607 collocari,
407 1575 448 1608 67
461 1568 558 1604 multa
567 1570 642 1608 alia,
658 1582 721 1619 qua
730 1570 770 1605 ab
777 1571 1014 1611 assummum&
1024 1571 1246 1608 mathematicis
1253 1572 1440 1620 subtilffime
1456 1567 1638 1619 colliguntur
1646 1595 1656 1605 .
1688 1577 1721 1608 V
1722 1570 1897 1617 elocf'ffimus

66 1623 108 1658 30
138 1626 242 1652 autem
252 1617 316 1652 coeli
325 1626 424 1652 motus
433 1630 473 1653 ex
483 1619 567 1663 cursu
577 1619 665 1658 Solis,
675 1625 717 1659 (φ
729 1625 824 1658 Luna,
829 1619 1045 1668 reliquorumq;
1049 1620 1189 1670 syderum
1198 1623 1305 1668 aperte
1312 1622 1542 1670 deprehenditur
1551 1646 1560 1655 .
1805 1620 1808 1621 ⁷

190 1668 224 1700 H
234 1679 242 1699 1
254 1678 268 1699 s
301 1677 412 1700 natura
426 1665 584 1714 dispositis
604 1668 646 1702 ita
657 1669 703 1702 uti
714 1669 961 1714 septentrionali
973 1682 1060 1716 parte
1070 1683 1086 1703 a
1097 1681 1179 1703 terra
1199 1671 1349 1705 excelsius
1361 1671 1474 1707 habeat
1493 1670 1667 1706 altitudine
1681 1678 1826 1703 centrum
1837 1691 1848 1708 ‚
1858 1668 1894 1703 in

139 1715 320 1750 Meridiana
328 1726 435 1750 autem
447 1726 536 1762 parte
548 1715 756 1751 inferioribus
766 1718 847 1751 locis
857 1716 1034 1751 subieetum
1046 1731 1080 1751 ea
1092 1729 1175 1752 tetra
1189 1719 1377 1754 obscuretur
1387 1746 1397 1759 ‚
1410 1731 1487 1754 tunc
1504 1719 1600 1753 etiam
1611 1730 1666 1765 per
1675 1717 1785 1752 medix]
1794 1714 1897 1751 trans-

139 1762 277 1802 uersa,&
290 1764 438 1798 inclinata
449 1764 481 1798 in
495 1766 664 1799 meridiem
679 1766 789 1799 circuli
799 1766 898 1799 delata
910 1779 989 1800 zona
999 1767 1173 1800 duodecim
1186 1767 1283 1815 signis
1294 1768 1337 1803 est
1348 1767 1563 1806 conformata,
1574 1780 1644 1815 quae
1655 1779 1770 1801 eorum
1780 1764 1902 1813 species,

139 1812 235 1847 stellis
246 1811 413 1859 dispositis,
425 1813 599 1848 duodecim
623 1814 765 1859 partibus
779 1816 980 1860 peraequatis,
993 1816 1143 1862 exprimit
1155 1816 1317 1863 demetam
1330 1832 1346 1851 a
1358 1829 1468 1852 natura
1486 1815 1733 1863 figurationem.>

189 1868 263 1897 Cum
271 1860 366 1896 multa
376 1860 509 1896 breuiter
518 1862 674 1910 explicare
682 1862 760 1897 *velit
768 1869 799 1899 V
799 1865 851 1898 itr.
853 1862 1054 1907 subobscurus
1070 1863 1108 1905 esi
1122 1886 1132 1902 ‚
1143 1877 1237 1912 quare
1246 1866 1403 1901 dilucidius
1412 1866 1451 1901 ab
1462 1866 1508 1900 his
1516 1877 1563 1904 me
1571 1867 1729 1910 expediam
1738 1888 1747 1897 .
1765 1870 1840 1899 Cum
1848 1865 1898 1898 ui-

138 1912 242 1946 derent
251 1912 369 1957 antiqui
375 1919 488 1945 certam
500 1913 745 1951 &continentem
757 1911 820 1946 coeli
829 1915 987 1947 motionem
994 1912 1033 1947 ab
1043 1915 1156 1948 oriente
1164 1915 1194 1947 in
1205 1915 1340 1959 occasum
1348 1938 1358 1953 ‚
1368 1918 1441 1950 duos
1449 1917 1594 1955 cardines,
1604 1920 1645 1954 ὠν
1654 1925 1745 1947 axem
1761 1917 1853 1947 certis
1866 1915 1896 1946 in

141 1959 216 1994 locis
224 1961 409 1994 inuenerunt.
421 1971 488 1994 cum
499 1972 569 1994 uero
581 1970 694 1994 motum
704 1960 780 1995 Solis
788 1973 917 1995 annuum
924 1963 1143 2009 perspexissent,
1154 1963 1320 2011 uidiſjentq5
1330 1964 1432 1999 Solem
1440 1965 1525 1998 modo
1536 1966 1564 1997 in
1572 1975 1641 2001 una,
1650 1964 1736 1996 modo
1746 1964 1775 1995 in
1796 1961 1897 1996 altera

141 2008 311 2054 horizontis
319 2017 410 2055 parte
418 2009 545 2048 oriri,&
557 2011 586 2043 in
608 2011 729 2044 meridie
741 2010 890 2058 quaudoq;
899 2013 1005 2045 uertici
1020 2010 1114 2053 nostro
1123 2014 1217 2057 magis
1234 2015 1385 2047 imminere
1395 2036 1405 2051 ‚
1418 2018 1459 2053 &⁴
1477 2014 1596 2047 interim
1613 2009 1815 2058 depreffiorem
1830 2009 1896 2054 effe,

142 2057 247 2105 diesq;‚
258 2063 297 2097 ά*
310 2057 410 2091 noctes
420 2056 606 2104 aequabiliter
615 2060 752 2097 uariare,
762 2061 843 2092 uiam
858 2059 933 2094 Solis
941 2061 1114 2094 inuenerunt
1124 2082 1134 2098 ,
1141 2069 1196 2107 per
1204 2072 1295 2108 quam
1304 2062 1356 2096 Sol
1364 2063 1535 2109 quotidiano
1546 2060 1628 2103 cursu
1635 2060 1896 2108 permeand0‚om-

62 2117 109 2153 4⁰
139 2117 206 2141 nem
214 2107 293 2141 illam
305 2109 502 2140 mutationem
505 2105 671 2149 fiibict'iam
672 2107 770 2150 sensui
779 2107 886 2152 fitcere
895 2107 974 2151 solet
985 2133 994 2142 .
1004 2113 1086 2156 Non
1100 2111 1196 2143 minus
1204 2112 1475 2145 animaduertentes
1489 2109 1617 2144 aliorum
1622 2109 1813 2156 planetarum
1823 2121 1896 2142 cur-

134 2154 202 2198 fiim
213 2155 323 2201 insequi
331 2160 350 2189 S
353 2156 408 2189 olis
419 2157 477 2189 iter
486 2178 496 2193 ‚
502 2155 556 2198 Jed
566 2167 623 2189 non
632 2158 676 2190 ita
682 2155 796 2203 semper
807 2155 993 2203 aequabiliter
999 2157 1039 2192 ab
1052 2169 1086 2192 eo
1095 2157 1191 2202 abeffe
1198 2181 1208 2196 ‚
1218 2160 1271 2192 uiae
1287 2159 1367 2193 Solis
1374 2164 1413 2198 (q
1423 2158 1604 2206 reliquorum
1613 2159 1779 2192 errantium
1788 2156 1897 2204 [picra

141 2215 246 2238 nomen
257 2205 374 2241 dedere,
384 2213 477 2251 atque
489 2215 554 2238 eam
563 2217 674 2250 zonam
693 2206 879 2252 appellarunt
887 2228 896 2243 ‚
905 2218 976 2240 nam
992 2208 1238 2253 quemadmodum
1252 2219 1333 2253 zona
1347 2209 1488 2253 cingendo
1506 2219 1563 2241 non
1575 2205 1672 2250 solum
1687 2205 1899 2250 circumflecPi-

141 2261 203 2290 tur,
208 2251 260 2296 sed
273 2251 463 2287 latitudinem
479 2255 629 2301 quandam
639 2252 741 2291 habet,
750 2257 793 2288 ita
803 2257 969 2289 errantium
979 2257 1029 2291 uia
1042 2256 1108 2290 lata
1117 2261 1158 2295 (φ
1167 2255 1320 2290 circularis
1329 2256 1437 2303 effel't'a
1445 2255 1494 2298 est,
1505 2268 1545 2290 ex
1552 2268 1610 2289 una
1616 2264 1708 2303 parte
1715 2256 1745 2288 in
1753 2265 1898 2291 unum‚ex

142 2300 205 2335 alia
215 2303 246 2334 in
255 2300 385 2335 alterum
390 2301 529 2348 polorum
540 2301 740 2342 inclinara&
751 2303 852 2337 orbem
862 2304 1027 2347 uniuersum
1036 2304 1250 2351 circumpleft'i.
1260 2311 1295 2339 ln
1304 2316 1340 2339 ea
1349 2307 1440 2339 etiam
1448 2316 1611 2351 cognouere
1619 2303 1740 2351 aliquas
1742 2302 1896 2344 stellarum

135 2349 343 2396 figurationes,
360 2357 401 2390 ,ψ
410 2350 493 2398 quafi
497 2350 656 2394 societates
665 2373 674 2388 2
685 2353 759 2386 unde
789 2364 926 2398 ignorum
935 2365 1040 2387 nomen
1047 2355 1198 2387 inuentum
1209 2351 1258 2394 esi.
1270 2359 1311 2392 &⁴
1319 2356 1461 2401 quoniam
1479 2354 1633 2388 duodecim
1635 2353 1708 2396 sunt
1716 2351 1896 2398 depreherfie

140 2398 305 2442 huiusmodi
317 2401 471 2445 imagines,
483 2401 547 2433 ideo
560 2401 712 2435 duodecim
722 2400 820 2446 signa,
831 2413 892 2448 qua
903 2408 934 2437 V
935 2403 1144 2437 itr.duodecim
1149 2404 1329 2449 peraquatis
1334 2401 1472 2448 partibus
1480 2401 1597 2444 tribuit,
1607 2403 1752 2449 quoniam
1768 2402 1895 2445 triginta

134 2446 410 2494 gradibusfingulae
418 2446 560 2489 constant,
577 2447 632 2493 effi>
643 2451 745 2484 dixere
758 2464 769 2484 .·
777 2449 975 2485 ‘planetarum
984 2453 1033 2485 uia
1043 2451 1187 2496 zodiacus
1197 2451 1247 2484 uel
1248 2450 1374 2496 fignifer
1384 2463 1403 2484 a
1406 2451 1499 2497 signis
1516 2450 1554 2493 eft
1570 2451 1734 2484 nominata.
1752 2451 1812 2484 Via
1821 2460 1894 2482 uero

138 2496 216 2531 Solis
225 2496 364 2544 ecliptica
385 2497 467 2531 ditia
486 2497 542 2534 eft,
550 2499 690 2544 quoniam
699 2500 728 2531 in
737 2499 796 2546 ipsa
806 2497 874 2532 sole
889 2505 930 2538 &-
943 2505 1026 2534 Luna
1036 2500 1208 2534 constitutis
1217 2502 1307 2533 certis
1317 2499 1491 2546 inpartibus
1500 2499 1630 2542 defc‘tfius
1638 2521 1647 2536 ,
1657 2500 1709 2545 qui
1718 2496 1831 2544 eclipfis
1840 2498 1895 2530 di-

139 2547 229 2583 citur,
239 2545 483 2590 eorumfyderum
490 2545 557 2587 fieri
565 2545 648 2580 Solet
658 2571 666 2580 .
696 2546 798 2581 Habet
810 2559 882 2582 uero
891 2547 1078 2583 latitudinem
1081 2546 1205 2593 signifer
1214 2570 1224 2585 ‚
1237 2550 1376 2595 quoniam
1385 2550 1550 2583 errantium
1558 2547 1667 2590 cursus
1676 2548 1705 2580 id
1723 2547 1818 2590 exigit
1827 2568 1836 2583 ‚
1851 2551 1893 2584 (φ

68 2607 109 2644 50
140 2589 385 2641 quemadmodum
394 2593 528 2629 circuitos
536 2597 630 2628 omnis
638 2597 851 2639 imaginatione
859 2595 992 2637 constare
1003 2599 1111 2631 dicitur
1117 2595 1269 2643 partibus.
1298 2608 1311 2640 3
1322 2602 1379 2630 60.
1399 2608 1462 2644 quae
1465 2598 1581 2642 gradus
1588 2596 1792 2631 uocantumita
1801 2596 1893 2628 etiam

134 2642 268 2688 figniferi
275 2642 411 2678 ambituzs
419 2645 543 2678 eandem
551 2646 685 2690 partium
695 2644 864 2688 diuifionem
873 2644 986 2679 habere
990 2653 1130 2693 putatur,
1144 2646 1173 2678 in
1177 2644 1313 2690 signiferi
1320 2644 1479 2679 latitudine
1488 2646 1584 2678 media
1593 2642 1630 2685 eft
1639 2645 1689 2676 uia
1699 2641 1837 2685 Solis‚sed
1845 2642 1895 2676 [ι’-φ

140 2702 199 2725 nesi
209 2692 486 2738 extremaefigniftssri
496 2691 662 2726 latitudinis
670 2691 711 2727 ab
721 2692 858 2739 ecliptica
891 2695 1003 2734 distant
1011 2704 1042 2728 ut
1047 2696 1151 2740 rinque
1153 2693 1209 2736 sex
1211 2695 1325 2738 gradus
1334 2716 1345 2731 ‚
1359 2695 1402 2727 ita
1419 2702 1454 2727 ut
1468 2693 1601 2737 uniuersa
1612 2691 1749 2737 figniferi
1762 2689 1892 2731 latitudo

140 2738 250 2781 conflet
266 2741 408 2774 duodenis
416 2740 570 2786 partibus,
585 2740 666 2775 ultra
676 2753 755 2789 quas
765 2743 899 2776 errantia
899 2742 1008 2789 thdera
1013 2752 1169 2790 permeare
1187 2753 1245 2775 non
1257 2741 1355 2784 fhlent
1365 2764 1375 2779 ‚
1384 2741 1455 2775 licet
1470 2747 1615 2776 Venerem
1623 2763 1632 2778 ‚
1643 2745 1684 2779 (φ
1700 2745 1835 2774 Martem
1852 2738 1891 2773 ob

140 2788 366 2835 amplitudinem
383 2789 582 2835 epicyclorum
592 2792 772 2837 quandoque
779 2792 863 2823 exire
879 2793 1070 2836 cognouerint
1079 2789 1222 2830 astrorum
1233 2789 1492 2836 contemplatores,
1496 2788 1549 2832 sed
1566 2790 1596 2822 id
1598 2798 1726 2836 perraro
1729 2786 1800 2829 fieri
1800 2786 1892 2830 solet,

140 2849 205 2884 qua:
213 2848 261 2871 res
265 2837 347 2880 forte
361 2838 541 2881 occafionem
555 2837 671 2882 fizbulae
680 2840 805 2875 Martis,
823 2843 864 2878 Θ
872 2841 999 2874 Veneris
1008 2837 1113 2884 dedisse
1122 2840 1230 2872 dicitur
1239 2863 1248 2871 .
1276 2844 1295 2872 S
1297 2840 1403 2884 ignifer
1410 2840 1500 2872 etiam
1510 2846 1637 2872 uocatur
1647 2836 1786 2883 obliquus
1793 2838 1892 2870 circu-

143 2887 201 2923 lus,
214 2888 285 2932 quia
296 2897 353 2918 non
364 2886 518 2930 aqualiter
520 2887 679 2930 ft‘cundum
682 2887 756 2931 suas
763 2896 865 2933 partes
873 2887 1003 2930 asbendit
1011 2910 1021 2925 ‚
1032 2893 1073 2927 θ’
1082 2887 1240 2930 descendit,
1252 2892 1292 2925 &⁸
1302 2888 1440 2932 quoniam
1450 2897 1507 2920 non
1516 2897 1597 2933 ⁴eque
1605 2883 1740 2919 omnibus
1742 2884 1803 2927 fiiis
1807 2894 1892 2932 par-

145 2933 228 2968 tibus
236 2946 255 2968 a
262 2933 342 2981 polis
350 2933 449 2971 abes'i,
461 2942 501 2974 (φ
511 2938 639 2973 demum,
648 2939 719 2984 quia
736 2935 866 2982 reliquos
882 2935 1011 2970 circulos
1018 2947 1078 2969 non
1093 2937 1132 2970 ad
1140 2935 1236 2969 rec‘ios
1251 2934 1376 2980 angulos
1391 2934 1536 2978 abscindit
1547 2959 1554 2968 .
1572 2937 1629 2969 Sed
1636 2935 1714 2981 quod
1723 2939 1754 2968 V
1754 2936 1825 2967 itru.
1835 2935 1891 2967 ait.

141 2986 157 3026 {
176 2984 233 3018 His
240 2991 352 3017 natura
363 2983 502 3028 dispofitis
509 3006 520 3021 ‚
531 2986 544 3026 }
570 2985 628 3019 hoc
643 2994 728 3019 certe
737 2995 794 3018 non
804 2993 913 3018 natura
922 2983 1035 3026 conflat
1042 3005 1052 3022 ,
1055 2983 1106 3027 sed
1114 2984 1182 3018 hori
1185 2985 1281 3028 <ontis
1288 2985 1459 3024 ratione&
1466 2984 1594 3030 respectu
1601 2985 1764 3029 quodam(
1764 2991 1798 3015 ut
1806 2983 1893 3015 dixi-

139 3042 225 3069 mus,
233 3031 428 3079 )quanquam
437 3040 547 3066 natura
575 3031 679 3067 coelum
687 3036 718 3068 in
726 3032 773 3067 his
778 3033 911 3079 punem,
921 3037 961 3072 (φ
971 3031 1140 3067 cardinibus
1143 3031 1282 3074 firmetur
1315 3036 1328 3075 {
1337 3043 1417 3077 zona
1425 3033 1577 3067 duodecim
1577 3033 1669 3078 fignis
1678 3032 1893 3073 conformata}

66 3083 113 3116 60
122 3123 124 3125 ¹
141 3081 242 3115 Huius
248 3091 332 3127 zpnae
335 3082 536 3129 proprietates
536 3080 609 3125 fiant
619 3080 662 3116 hae
672 3106 682 3116 .
689 3083 821 3129 primum
831 3082 877 3124 es‘i
885 3081 964 3120 lata,
969 3083 1078 3130 pofiea
1086 3081 1229 3117 inclinata
1237 3103 1248 3121 ,
1257 3081 1324 3116 inde
1337 3082 1489 3117 duodecim
1499 3080 1594 3128 signis
1610 3081 1705 3126 confoi
1712 3087 1808 3117 mata,
1819 3078 1892 3113 licat

1792 3135 1892 3163 autem
