2241 3318
34 613 129 648 ’ω

88 1116 135 1140 20

91 1606 137 1642 30

93 2121 140 2158 40

108 3086 151 3120 60

735 141 1294 179 scv‘TIMVS.
1818 158 1886 194 245

156 223 210 251 aut
223 214 300 263 quod
306 212 361 256 alij
368 211 501 247 Viridem
509 221 652 258 azimum
661 210 762 244 dicunt
771 234 779 243 .
790 208 850 243 bxc
859 220 960 245 autem
968 220 1052 245 creta
1069 213 1180 258 optima
1190 219 1317 261 Smyrnae
1326 215 1456 258 nascitur
1466 239 1475 255 ,
1486 227 1548 264 quae
1565 217 1706 264 quoniam
1712 217 1741 250 in
1750 215 1886 252 Theodo-

156 267 192 311 τί]
193 263 286 308 fundo
293 263 415 295 inuenta
423 258 460 301 esi
470 260 664 295 Theodote'um
671 259 769 293 Graece
777 261 954 293 nominatur.
967 264 1010 293 Ea
1022 269 1138 294 ueteres
1146 263 1186 295 ad
1193 265 1313 296 nauium
1320 264 1455 309 pic‘luras
1470 265 1643 299 utebantur.
1651 274 1706 311 pro
1715 264 1773 299 hac
1784 266 1886 309 fasti—

156 315 204 348 cia
212 312 324 345 utimur
332 321 372 343 ex
377 307 511 355 plumbo,
523 314 564 348 (φ
572 316 669 342 aceto.
679 308 955 352 Auriptgmentum,
965 310 1046 354 quod
1056 314 1155 342 Graece
1163 310 1325 351 arsenicum
1341 313 1461 350 dicitur,
1470 315 1541 357 quid
1554 313 1595 357 fit
1604 319 1645 352 &⁴
1654 325 1713 359 quo
1722 312 1832 351 colore,
1844 320 1886 353 (φ

157 359 300 406 quomodo
310 370 344 392 eo
352 366 478 391 utantur
483 357 612 404 pistores
621 358 682 389 iam
694 356 765 388 nott}
781 355 837 388 eff.
847 361 881 390 [η
889 356 1046 401 Syriafodi
1053 356 1212 391 Plin.dzcit
1218 360 1248 390 in
1250 357 1367 400 flamma
1376 361 1477 394 tellure
1484 364 1551 395 auri
1559 361 1668 398 colore,
1667 362 1718 404 fed
1719 361 1831 407 fragili,
1841 361 1889 396 la-

152 409 256 457 pidum
258 406 455 453 specularium
462 407 559 439 modo.
569 406 750 439 sandaraca,
762 408 803 442 ζα*
811 405 924 440 narina,
935 409 976 442 (θ’
984 414 1052 438 arte
1054 405 1141 447 faft'a
1148 405 1187 446 eft
1197 408 1320 451 optima,
1329 413 1429 441 ‘Ponto
1438 408 1576 451 naſsitur,
1587 415 1627 448 ξφ
1634 412 1772 456 proxime
1777 409 1888 453 flumen

155 457 306 510 nypanirp
316 456 452 510 fhdinam
468 451 572 492 habet,
581 464 617 488 ea
635 451 673 495 est
696 453 811 498 araneis
815 453 899 500 pomi
915 451 1028 493 colom
1039 453 1161 496 flzditia
1170 452 1208 495 est
1216 466 1258 489 ex
1275 456 1375 500 cerufiz
1383 455 1506 506 adusta>
1515 470 1578 507 quae
1587 464 1629 497 ξφ
1647 461 1690 492 ita
1698 470 1717 491 a
1725 458 1827 500 nostris
1835 459 1888 496 di-

154 513 236 540 eitur
250 515 385 543 mmmm,

387 626 474 677 De
484 623 645 696 Adinq‘
657 619 927 676 rationibus.
1305 625 1416 699 Cap.
1495 625 1543 678 V
1549 625 1576 676 I
1587 627 1617 679 I
1620 627 1654 678 L

291 766 339 820 ἶ)
355 750 608 798 Ngrediarnunc
619 747 713 792 Minij
724 747 861 781 rationes
872 748 1074 795 explicare.id
1083 759 1188 783 autem
1199 748 1283 796 agris
1292 748 1505 796 Ephesiorum
1523 749 1679 784 Cilbianis
1688 750 1826 797 primum
1836 761 1889 784 me

305 815 331 870 (ε
380 809 524 832 moratur
532 796 592 831 esse
608 797 788 833 inuentum,
799 796 888 830 cuius
897 801 929 832 &
939 810 998 837 res,
1010 803 1041 833 &
1052 799 1132 832 ratio
1142 796 1211 832 satis
1222 809 1353 844 magnas
1366 798 1462 832 habet
1479 797 1704 833 admirationes
1714 824 1722 832 .
1756 800 1892 833 Foditur

310 864 344 924 U«
379 847 463 882 enim
473 846 566 893 gleba
576 870 586 885 ‚
598 857 667 892 quae
683 844 827 878 Anthrax
839 846 967 885 dicitur,
976 858 1146 892 antequam
1157 845 1402 881 tractationibus
1411 846 1450 881 ad
1471 848 1606 881 minium
1620 849 1783 893 perueniat
1792 859 1892 888 ‚uena

233 913 247 924 Ἰ.
309 880 344 930 3}
379 897 423 929 uti
434 893 539 929 ferreo
549 895 649 940 magis
659 892 789 927 subrufo
808 895 933 932 colore,
944 896 1060 929 babens
1074 896 1155 929 circa
1172 893 1200 927 se
1214 894 1346 929 rubrum
1365 896 1545 940 puluerem.
1561 896 1648 929 Cum
1665 896 1699 931 id
1709 896 1844 933 foditur,
1857 898 1891 930 δε

160 944 261 990 plagis
272 941 537 978 ferramentorum
555 944 678 977 crebras
687 943 806 976 emittit
825 943 996 989 lachrymas
1006 945 1130 991 argenti
1149 943 1234 981 uiui,
1244 956 1314 990 quae
1332 956 1348 976 a
1368 943 1537 977 fossoribus
1555 943 1658 978 statim
1678 946 1888 992 colliguntur.

160 991 221 1025 Hae
239 991 339 1038 glebae
350 1005 424 1026 cum
437 993 570 1037 collecte
580 991 648 1025 sunt
659 992 690 1025 in
720 989 884 1025 officinam
894 1017 905 1030 ,
919 1004 1051 1039 propter
1070 993 1215 1027 humoris
1232 992 1418 1038 plenitatem
1438 993 1652 1036 conijciuntur
1671 993 1705 1026 in
1724 991 1893 1027 fornacem

159 1052 196 1074 ut
206 1039 378 1075 inarescant
389 1064 398 1079 ‚
408 1042 473 1076 &is
483 1042 538 1087 qui
555 1053 591 1073 ex
605 1040 653 1075 his
664 1038 794 1085 abignis
803 1050 921 1086 uapore
936 1039 1044 1074 fumus
1053 1039 1234 1080 suscitatur,
1245 1053 1318 1075 cum
1331 1039 1442 1074 resedit
1459 1040 1491 1074 in
1503 1040 1603 1075 solum
1622 1039 1701 1075 furni
1711 1067 1721 1081 ,
1731 1041 1893 1076 inuenitur

159 1088 218 1123 effe
227 1100 396 1137 argentum
409 1092 532 1123 uiuum.
543 1089 707 1135 Exemptis
716 1086 815 1134 glebis
826 1100 925 1134 guttae
935 1100 989 1127 eae,
1006 1101 1076 1136 quse
1088 1088 1280 1128 residebunt,
1291 1100 1422 1135 propter
1430 1088 1599 1123 breuitates
1608 1101 1674 1124 non
1685 1087 1813 1137 possunt
1824 1089 1894 1124 col-

160 1136 231 1185 ligi.
243 1136 338 1172 sedin
351 1151 403 1172 uas
414 1150 501 1184 aquae
511 1147 745 1172 conuertuntur
754 1158 764 1175 ‚
775 1137 859 1170 &ibi
872 1138 954 1171 intxer
969 1136 998 1172 se
1008 1149 1194 1185 congruunt
1206 1161 1215 1177 ‚
1226 1141 1258 1172 δε
1271 1137 1334 1172 una
1358 1135 1614 1172 confunduntur.
1626 1139 1680 1172 Eae
1693 1150 1798 1173 autem
1817 1149 1893 1173 cum

161 1185 221 1220 sint
231 1197 372 1233 quatuor
389 1186 593 1222 sextariorum
605 1183 773 1222 mensum,
785 1197 857 1219 cum
869 1185 1090 1232 expenduntur
1099 1209 1109 1224 ‚
1121 1186 1326 1220 inueniuntur
1341 1183 1401 1220 esse
1418 1186 1530 1232 pondo
1541 1197 1668 1221 centum
1679 1212 1688 1220 .
1699 1189 1785 1221 Cum
1795 1187 1827 1221 in
1836 1186 1896 1219 ali-

161 1245 230 1281 quo
242 1233 311 1269 uase
329 1234 373 1268 est
391 1233 558 1269 confusum
571 1261 580 1276 ,
590 1234 609 1269 si
620 1232 707 1279 supra
719 1234 751 1268 id
760 1233 871 1279 lapidis
883 1237 1050 1279 centenarij
1063 1235 1192 1281 pondus
1204 1237 1402 1281 imponatur,
1420 1245 1505 1268 natat
1515 1235 1546 1268 in
1557 1233 1694 1274 summo,
1705 1247 1808 1282 neque
1817 1246 1895 1269 cum

162 1284 291 1330 liquore
309 1284 412 1329 potest
422 1295 518 1317 onere
528 1282 585 1318 suo
600 1293 753 1329 premere,
764 1294 822 1315 nec
834 1282 949 1316 elidere
959 1306 968 1321 ‚
979 1296 1036 1317 nec
1047 1282 1211 1330 dissipare;
1223 1283 1409 1317 centenario
1420 1281 1543 1317 sublato
1552 1308 1563 1322 ,
1572 1283 1594 1318 fi
1613 1283 1656 1317 ibi
1680 1286 1747 1318 auri
1765 1281 1895 1330 scrupu-
1935 1319 1938 1323 ,

162 1332 230 1366 lum
239 1333 437 1379 imponatur,
447 1344 512 1366 non
523 1331 643 1365 natabit
653 1357 662 1371 ,
676 1329 726 1364 sed
736 1331 776 1365 ad
785 1332 885 1364 imum
896 1343 950 1377 per
959 1331 987 1365 se
1000 1332 1208 1378 deprimetur.
1220 1334 1265 1365 Ita
1276 1343 1344 1365 non
1354 1331 1565 1377 amplitudine
1588 1332 1741 1378 ponderis
1754 1357 1765 1371 ,
1775 1331 1826 1366 sed
1837 1343 1896 1378 ge-

162 1392 236 1415 nere
246 1381 439 1428 iingularum
450 1392 553 1414 rerum
571 1380 758 1426 grauitatem
774 1378 832 1413 effe
842 1391 911 1413 non
926 1379 970 1414 est
979 1381 1175 1427 negandum.
1204 1381 1243 1414 Id
1255 1392 1361 1415 autem
1372 1380 1479 1413 multis
1496 1380 1590 1414 rebus
1599 1380 1643 1414 est
1652 1382 1691 1415 ad
1704 1379 1792 1415 usum
1802 1391 1896 1427 expe-

162 1429 279 1464 ditum.
306 1429 423 1476 Neque
432 1430 517 1462 enim
527 1439 694 1475 argentum
705 1449 715 1465 ‚
725 1439 827 1475 neque
843 1440 883 1461 aes
895 1427 957 1462 fine
981 1440 1021 1462 eo
1039 1428 1144 1475 potest
1162 1429 1246 1464 reete
1262 1429 1418 1463 inaurari.
1445 1429 1566 1476 Cumq3
1584 1430 1615 1462 in
1636 1428 1721 1463 ueste
1739 1431 1898 1463 intextum

162 1476 208 1512 est
218 1489 342 1515 aurum,
356 1475 528 1524 eaq3uestis
543 1477 681 1511 contrita
692 1488 825 1524 propter
843 1475 1031 1511 uetustatem
1044 1475 1132 1511 usum
1151 1490 1219 1513 non
1237 1477 1351 1513 habeat
1368 1475 1558 1518 honestum3
1578 1478 1672 1522 panni
1691 1478 1722 1512 in
1744 1476 1898 1511 fictilibus

163 1524 391 1572 uasisimpofiti
401 1524 488 1572 supra
499 1526 607 1573 ignem
618 1526 867 1560 comburuntur.
894 1528 923 1559 Is
934 1525 1013 1559 cinis
1023 1527 1196 1570 coniicitur
1206 1527 1238 1561 in
1248 1537 1375 1573 aquam,
1383 1529 1413 1560 δι
1423 1524 1552 1559 additur
1562 1528 1588 1559 ei
1597 1537 1765 1572 argentum
1774 1526 1899 1564 uiuum,

162 1574 196 1609 id
204 1585 310 1609 autem
321 1587 433 1608 omnes
444 1575 540 1609 micas
549 1575 614 1608 auri
625 1574 759 1620 corripit
776 1575 809 1608 in
819 1573 859 1613 se,
869 1577 900 1608 δι
913 1575 1003 1620 cogit
1015 1573 1119 1608 secum
1131 1576 1219 1609 coire
1229 1598 1239 1609 .
1250 1579 1341 1623 Aqua
1352 1571 1459 1607 defusa
1469 1586 1543 1608 cum
1553 1574 1585 1608 id
1594 1576 1627 1608 in
1638 1586 1776 1620 pannum
1786 1572 1898 1609 infun-

163 1623 250 1658 ditur
259 1646 269 1662 ,
279 1629 309 1657 &
320 1623 362 1657 ibi
373 1622 519 1657 manibus
530 1623 685 1670 premitur
695 1633 863 1668 argentum
874 1635 930 1669 per
940 1624 1034 1669 panni
1047 1625 1186 1658 raritates
1197 1634 1331 1671 propter
1356 1622 1518 1669 liquorem
1541 1633 1628 1657 extra
1639 1621 1757 1658 labitur
1766 1645 1776 1662 ‚
1786 1633 1900 1656 aurum

163 1670 400 1717 compressione
410 1671 523 1705 coastu
538 1670 621 1705 intra
637 1683 753 1719 purum
764 1672 939 1705 inuenitur.

213 1726 292 1765 Non
301 1721 410 1766 indiget
418 1722 500 1754 Vitr.
510 1719 567 1754 hoc
575 1719 695 1759 locu&
703 1719 806 1754 multis
820 1719 889 1766 alijs
895 1719 1024 1755 aliorum
1041 1722 1222 1756 auctoritate
1224 1719 1330 1765 fulciri
1336 1743 1347 1760 ‚
1358 1732 1425 1756 cum
1436 1720 1493 1769 ipse
1496 1730 1553 1768 pro
1556 1720 1666 1766 122stth
1667 1719 1710 1772 fit
1719 1720 1899 1773 explicatus,

164 1775 206 1811 <ty
213 1768 290 1804 alios
298 1769 441 1808 docuerit.
450 1779 542 1823 qtmre
552 1769 591 1808 ad
597 1767 724 1819 reliqua,
1446 1773 1449 1776 ’

321 1892 407 1944 De
430 1890 560 1964 minq‘
586 1905 932 1966 temperatura.
1463 1896 1577 1971 Cap.
1655 1893 1747 1947 IX.

178 2028 342 2065 sex-*43
364 2015 590 2049 Euertarnunc
608 2014 646 2049 ad
665 2016 754 2062 minij
766 2027 1022 2062 temperaturam.
1041 2015 1117 2063 Ipsae
1128 2018 1213 2053 enim
1226 2016 1411 2065 glebaecum
1421 2016 1490 2052 sunt
1500 2017 1605 2057 aridae‚
1615 2017 1686 2064 pilis
1704 2015 1811 2052 ferreis
1821 2027 1902 2050 con-

178 2060 205 2124 }ssj‘
224 2053 272 2115 Q
286 2043 342 2125 ’Ϊέἧ
388 2064 611 2102 tunduntur,&
625 2066 791 2099 moluntur
801 2088 811 2103 ‚
821 2071 851 2099 &
862 2066 1055 2104 lotionibus,
1065 2069 1098 2101 &
1108 2068 1250 2103 cocturis
1260 2067 1377 2101 crebris
1388 2065 1527 2101 efficitur
1538 2066 1749 2100 utadueniant
1759 2065 1900 2099 colores.

185 2108 198 2122 ‘⁸
252 2137 273 2160 'a
312 2103 342 2164 ᾗ
387 2113 471 2146 Cum
483 2124 562 2160 ergo
573 2113 639 2148 haec
650 2112 753 2147 emiffa
770 2125 873 2152 erunt,
884 2126 959 2148 tunc
970 2115 1103 2148 minium
1121 2117 1385 2163 propterargenti
1403 2116 1468 2149 uiui
1486 2115 1704 2152 relictionem,
1716 2126 1792 2161 quas
1819 2114 1852 2147 in
1869 2110 1902 2147 se

265 2160 293 2178 ⁷·
322 2157 341 2192 ἓ
386 2162 542 2196 naturales
553 2161 700 2195 habuerat
711 2163 842 2196 uirtutes
854 2164 1022 2209 relinquit,
1036 2167 1068 2197 δι
1088 2162 1228 2198 efficitur
1245 2175 1352 2198 tenera
1372 2175 1483 2197 natura
1492 2185 1502 2200 ,
1513 2167 1543 2197 &
1567 2163 1685 2197 uiribus
1699 2162 1855 2197 imbecilla
1866 2186 1876 2197 .

169 2213 281 2256 ltaque
300 2223 372 2244 curn
384 2208 428 2244 est
438 2210 471 2243 in
481 2209 733 2257 expolitionibus
743 2211 945 2245 conclauium
957 2212 1099 2257 tthorijs
1109 2213 1275 2247 inductum
1286 2235 1296 2250 ,
1305 2223 1469 2258 permanet
1486 2212 1548 2247 line
1566 2213 1651 2256 uitijs
1661 2210 1717 2246 suo
1741 2211 1853 2244 colore
1866 2234 1877 2244 .

168 2258 300 2305 Apertis
310 2271 388 2292 uero
398 2281 408 2297 ‚
418 2258 496 2293 idest
505 2257 668 2305 peristyliis
677 2281 687 2296 ‚
696 2270 749 2293 aut
759 2260 879 2294 exedris
891 2282 901 2298 ‚
910 2272 964 2294 aut
982 2262 1101 2294 caeteris
1111 2261 1266 2297 eiusmodi
1277 2261 1370 2298 locis,
1381 2272 1447 2307 quo
1456 2262 1524 2300 Sol,
1539 2264 1571 2295 δι
1582 2262 1672 2294 Luna
1691 2257 1788 2306 possit
1798 2256 1902 2304 splen-

169 2306 276 2346 dores,
287 2310 319 2340 &
331 2307 436 2342 radios
447 2307 632 2345 immittere,
643 2320 717 2341 cum
734 2309 772 2340 ab
783 2309 819 2353 ijs
830 2309 919 2342 locus
939 2310 1091 2355 tangitur,
1103 2310 1277 2349 uitiatur‚&
1290 2307 1394 2345 amissa
1414 2309 1531 2344 uirtute
1542 2309 1662 2345 colotis
1672 2309 1857 2355 denigratur
1867 2330 1877 2339 .

169 2358 281 2403 Itaque
291 2367 365 2389 cum
376 2359 407 2389 δε
424 2356 474 2399 alij
487 2355 592 2392 multi,
603 2366 671 2389 tum
683 2357 778 2390 etiam
797 2356 942 2390 faberius
959 2356 1058 2391 scriba
1069 2379 1078 2395 ‚
1090 2359 1207 2391 cumin
1219 2358 1388 2392 Auentino
1398 2357 1675 2393 uoluiffetthabere
1692 2357 1827 2391 domum
1838 2355 1903 2389 ele·

169 2415 282 2486 {anter
290 2404 463 2450 expolitam
474 2424 483 2440 ,
495 2403 659 2450 peristylijs
668 2405 801 2453 parietes
813 2417 927 2440 omnes
937 2406 1060 2440 induxit
1070 2407 1171 2439 minio
1184 2430 1192 2445 ,
1205 2407 1259 2453 qui
1270 2405 1341 2452 post
1352 2407 1418 2441 dies
1426 2407 1559 2453 triginta
1585 2404 1660 2440 faeti
1682 2405 1751 2440 sunt
1769 2406 1902 2437 inuenu-

201 2465 234 2491 ο,
245 2450 370 2498 uarioq,·
380 2452 502 2486 colore.
532 2454 643 2499 Itaque
653 2454 761 2499 primo
773 2454 891 2487 locauit
912 2454 1197 2488 inducendosalios
1206 2455 1333 2489 colores
1345 2481 1353 2490 .
1380 2458 1426 2489 At
1439 2454 1460 2489 fi
1480 2456 1550 2501 quis
1573 2452 1720 2488 subtilior
1743 2452 1837 2487 fuerit
1848 2475 1857 2490 ,
1868 2454 1902 2488 δε

171 2501 311 2535 uoluerit
335 2500 567 2545 expolitionem
581 2502 767 2535 miniaceam
777 2500 864 2534 suum
875 2503 1019 2536 colorem
1031 2504 1165 2537 retinere
1175 2526 1184 2541 ‚
1195 2516 1268 2537 cum
1287 2504 1387 2550 paries
1398 2504 1569 2549 expolituS,
1578 2506 1609 2537 δε,
1621 2502 1725 2536 aridus
1737 2500 1902 2538 fuerintne

171 2560 284 2583 caeram
295 2549 442 2594 punicam
453 2549 520 2595 igni
534 2547 738 2596 liquefanim
749 2551 847 2596 paulo
867 2551 942 2584 oleo
954 2562 1158 2598 temperatam
1176 2551 1239 2586 seta
1255 2552 1405 2586 inducat.
1431 2551 1561 2586 Deinde
1585 2549 1693 2597 postea
1710 2547 1904 2584 carbonibus

171 2598 204 2632 in
212 2595 318 2631 ferreo
330 2595 397 2631 uase
406 2596 605 2644 compofitis,
616 2609 684 2631 eam
694 2609 805 2631 caeram
816 2599 958 2645 apprime
967 2612 1040 2633 cum
1050 2600 1167 2645 pariete
1178 2599 1409 2639 calefaciendo,
1421 2599 1528 2634 sudare
1537 2610 1648 2645 cogat,
1660 2597 1748 2645 fiatq3
1759 2607 1793 2631 ut
1805 2607 1903 2642 perae-

172 2656 300 2692 quetur‚
311 2644 417 2692 postea
427 2658 500 2680 cum
510 2645 641 2680 candela
653 2646 793 2693 linteisq‚·
804 2649 889 2694 puris
901 2644 1024 2695 subigat
1037 2672 1046 2685 ‚
1056 2649 1101 2682 uti
1112 2647 1198 2694 signa
1208 2661 1386 2683 marmorea
1397 2649 1480 2683 nuda
1498 2658 1646 2681 curantur
1660 2671 1669 2680 .
1696 2647 1777 2679 Haec
1795 2655 1903 2678 autem

173 2695 267 2724 καῦσις
286 2694 403 2728 Graece
420 2694 592 2734 dicitur‚ita
602 2693 728 2729 obstans
741 2707 827 2729 caerae
838 2696 960 2742 punica:
969 2697 1067 2730 lorica
1080 2709 1147 2730 non
1159 2697 1287 2743 patitur,
1298 2709 1354 2730 nec
1364 2699 1463 2731 Lunae
1480 2695 1751 2742 splendoremmec
1761 2693 1845 2726 Solis
1855 2703 1904 2724 ra·-

173 2741 246 2776 dios
254 2742 427 2778 lambendo
437 2743 556 2788 eripere
565 2756 601 2777 ex
612 2743 660 2776 his
670 2743 882 2789 politionibus
891 2745 1034 2778 colorem
1045 2769 1055 2779 .
1082 2745 1167 2790 Qae
1175 2755 1282 2779 autem
1292 2745 1324 2778 in
1337 2744 1545 2791 Ephesiorum
1556 2743 1687 2777 metallis
1703 2741 1832 2776 fuerunt
1848 2738 1905 2773 of-

173 2789 290 2830 ficinae,
300 2803 384 2824 nunc
404 2791 537 2825 traiecere
558 2791 626 2826 sunt
635 2790 709 2825 ideo
719 2792 872 2831 Romam,
883 2791 1014 2838 quodid
1025 2806 1125 2840 genus
1135 2805 1222 2827 uenae
1234 2792 1342 2839 postea
1353 2793 1397 2827 est
1406 2795 1572 2826 inuentum
1582 2792 1615 2824 in
1628 2788 1786 2837 Hispaniae
1796 2789 1904 2836 regio-

173 2837 280 2876 nibus,
290 2851 328 2872 ex
339 2851 472 2885 quarum
485 2841 617 2874 metallis
628 2839 729 2886 glebae
739 2851 918 2886 portantur,
936 2845 967 2875 δι
979 2854 1034 2888 per
1044 2842 1232 2889 publicanos
1244 2842 1359 2876 Romae
1369 2852 1531 2876 curantur.
1567 2840 1621 2874 Eae
1640 2850 1746 2874 autem
1763 2836 1904 2872 officina:

174 2884 248 2921 sunt
259 2887 341 2920 inter
353 2887 452 2920 aedem
464 2888 563 2921 Florae
573 2892 603 2923 &
615 2889 742 2931 Quirini
757 2913 766 2922 .
778 2889 918 2923 Vitiatur
929 2889 1063 2922 minium
1075 2890 1214 2923 admixta
1226 2890 1310 2923 calce
1319 2914 1326 2922 .
1353 2891 1466 2936 Itaque
1478 2887 1497 2922 fi
1509 2888 1579 2935 quis
1589 2888 1664 2921 uelit
1673 2887 1807 2933 experiri
1823 2886 1855 2919 id
1865 2884 1904 2918 fi-

175 2947 215 2969 ne
228 2935 309 2969 uitio
324 2933 394 2974 esse,
406 2935 445 2969 lic
456 2937 514 2969 erit
525 2935 709 2971 faciendum
724 2961 734 2971 .
763 2938 871 2971 Ferrea
883 2937 985 2970 lamna
996 2935 1153 2975 sumatur,
1164 2940 1196 2972 in
1214 2950 1247 2971 ea
1266 2938 1400 2971 minium
1412 2938 1614 2983 imponatur,
1624 2936 1662 2969 ad
1673 2938 1780 2982 ignem
1800 2935 1904 2968 collo-

175 2993 283 3022 cetur,
293 2983 397 3017 donec
407 2985 508 3017 lamna
519 2982 686 3019 candescat
695 3009 704 3024 ‚
715 2997 789 3020 cum
801 2997 818 3018 e
829 2986 967 3019 candore
977 2987 1266 3020 colorimmutatus
1285 2984 1390 3024 fuerit,
1402 2986 1498 3032 eritq;
1516 2996 1601 3023 ater,
1612 2985 1742 3018 tollatur
1752 2986 1855 3017 lamna
1864 2981 1904 3013 ab

175 3031 250 3077 igne
259 3055 270 3071 ‚
281 3035 313 3066 ὅ(
322 3031 343 3065 fi
355 3030 574 3079 refrigeratum
586 3032 766 3068 restituatur
776 3035 809 3068 in
820 3032 989 3079 pristinum
1017 3035 1176 3072 colorem,
1186 3034 1249 3068 line
1258 3035 1339 3068 uitio
1350 3031 1379 3068 se
1389 3032 1447 3068 esse
1468 3033 1617 3079 probabit
1627 3054 1636 3069 ‚
1647 3031 1693 3066 {in
1709 3044 1813 3066 autem
1834 3042 1905 3074 per-

176 3077 325 3117 manserit
339 3080 435 3128 nigro
443 3081 569 3121 colore,
585 3080 776 3129 significabit
786 3081 815 3118 se
827 3078 885 3118 esse
897 3082 1045 3119 uitiatum
1055 3107 1065 3119 .
1092 3082 1178 3130 Qae
1195 3082 1372 3119 succurrere
1388 3092 1566 3131 potuerunt
1576 3082 1655 3116 mihi
1665 3080 1704 3116 de
1715 3080 1818 3114 minio
1827 3078 1906 3111 dixi.

1516 3135 1548 3167 Χ
1596 3140 1613 3176 3
1764 3123 1909 3174 Chryso-7
