2241 3318
832 95 1199 141 RORVS.
1824 88 1893 135 287

197 172 357 206 Menova
364 179 378 203 1
387 180 400 204 ι
427 178 548 207 autem,
557 171 590 206 &
598 167 732 204 Veneris
744 165 839 203 stellae
849 166 971 201 circum
982 164 1064 199 Solis
1074 164 1180 200 radios
1190 189 1199 204 ‚
1211 164 1321 198 Solem
1345 158 1449 207 ipsum
1459 161 1507 197 uti
1516 171 1663 196 centrum
1673 159 1839 195 itineribus
1848 172 1890 193 co

148 229 297 257 tonantes
307 216 459 265 regressus
470 217 641 253 retrorsum
651 241 661 257 ,
672 220 704 251 δε
716 216 948 251 retardationes
961 213 1082 251 faciunt
1093 238 1103 248 .
1115 215 1223 252 Etiam
1234 209 1427 247 stationibus
1437 235 1448 250 ,
1458 221 1594 258 propter
1600 221 1671 244 earn
1683 209 1893 243 circinatione

147 277 315 304 morantur
324 267 355 301 in
364 265 468 312 spatijs
484 265 649 313 signorum
659 290 669 301 .
689 265 727 301 Id
736 276 843 299 autem
855 264 899 298 ita
908 263 969 299 efl'e
989 263 1125 296 maxime
1136 260 1346 308 cognoscitur
1361 271 1398 292 ex
1410 261 1543 294 Veneris
1552 258 1637 293 stella
1647 279 1658 295 ‚
1668 256 1758 304 quod
1767 267 1893 296 ea‚curn

146 318 253 355 Solem
264 312 411 361 sequatur
422 315 495 362 post
510 311 661 351 occasum
669 314 736 348 eius
754 325 907 361 apparens
917 313 949 347 in
959 312 1047 347 coelo
1062 335 1072 349 ,
1086 308 1289 356 clarissimet‘1,·
1308 309 1415 342 lucens
1428 306 1612 355 Vesperugo
1631 307 1810 343 accit-nur,
1824 305 1894 348 alijs

146 375 254 401 autem
265 363 467 410 temporibus
485 376 560 398 eum
578 373 783 397 antecurrens
794 383 804 398 .
817 366 849 396 &
861 362 970 395 oriens
979 361 1169 395 antelucem
1179 382 1189 397 ‚
1200 356 1312 392 lucifer
1321 355 1516 401 appellatur,
1526 368 1563 389 ex
1573 354 1648 403 eoc'p
1660 364 1894 400 nonnunquam

145 414 252 462 plures
261 412 326 446 dies
334 412 367 446 in
378 424 446 447 uno
454 411 546 459 signo
565 419 815 448 commorantur
825 435 835 448 ,
845 410 920 444 alias
929 409 1061 445 celerius
1075 407 1302 455 ingrediuntur
1310 404 1343 438 in
1353 403 1488 437 alterum
1505 403 1630 449 signum
1639 427 1650 437 .
1678 405 1792 449 Itaque
1801 400 1896 449 quod.

146 473 216 497 non
225 473 314 508 aeque
327 471 486 508 peragunt
499 472 669 494 numerum
679 459 804 493 dierum
816 460 849 492 in
859 457 990 506 singulis
1002 457 1098 504 {ignis
1110 479 1121 496 ,
1134 465 1291 502 quantum
1301 451 1371 487 sunt
1380 463 1511 486 moratae
1521 452 1618 498 prius,
1629 450 1832 485 transiliendo
1842 462 1897 484 ce-

146 509 319 546 lerioribus
333 507 502 544 itineribus
513 508 684 555 perficiunt
694 507 813 543 iustum
823 506 950 542 cursum
959 530 969 541 .
978 507 1028 541 Ita
1038 503 1179 541 efficitur
1189 503 1237 538 uti
1248 501 1338 549 quod
1348 499 1558 534 demorentur
1567 500 1600 533 in
1611 500 1775 533 nonnullis
1785 499 1896 545 signis,

92 602 95 604 q
147 558 252 593 nihilo
259 558 364 592 minus
373 569 448 591 cum
458 557 597 604 eripiunt
606 556 635 592 se
643 570 662 591 a
670 554 852 592 necessitate
861 567 964 603 more,
975 555 1120 590 celeriter
1127 550 1364 598 consequantur
1383 546 1496 582 iustam
1508 548 1733 582 circuitionem
1742 550 1829 581 .1tcr
1838 560 1896 582 au-

76 607 121 633 ¹⁰
147 619 214 643 tem
223 606 256 641 in
266 604 390 640 mundo
403 604 487 639 stella
496 606 651 651 Mercurij
668 606 712 639 ita
725 606 900 652 peruolitat
911 629 920 642 ,
933 605 980 639 uti
990 601 1214 640 trecentesimo
1227 622 1236 638 ›
1246 595 1478 643 &sexagesimo
1491 596 1542 630 die
1551 609 1608 642 per
1624 597 1789 642 signorum
1800 595 1895 641 spatia

147 666 278 700 currens
287 679 298 694 ‚
307 654 472 703 perueniat
480 655 520 690 ad
528 654 561 690 id
576 654 701 702 signum
712 680 722 694 ,
732 666 768 688 ex
781 667 850 702 quo
868 654 977 700 priore
987 652 1197 689 circulatione
1206 648 1309 695 coepit
1330 645 1435 681 facere
1446 643 1573 680 cursum
1583 667 1593 684 ,
1605 647 1688 679 &ita
1698 646 1899 690 peraequatur

148 705 216 739 eius
226 704 296 739 dies
306 714 341 737 ut
351 703 479 738 circiter
496 703 638 738 tricenos
655 703 766 738 diesin
784 703 916 751 lingulis
927 702 1022 750 signis
1032 701 1148 735 habeat
1156 697 1281 733 numeri
1310 695 1469 731 rationem
1482 718 1491 729 .
1510 693 1643 727 Veneris
1652 703 1758 727 autem
1768 705 1842 726 cum
1852 691 1899 725 est

152 753 283 793 liberata
294 750 334 786 ab
343 750 556 797 impeditione
572 752 735 787 radiorum
747 753 830 786 Solis
843 751 975 799 triginta
986 750 1100 786 diebus
1110 747 1267 795 percurrit
1277 745 1356 792 signi
1365 741 1513 789 spatium,
1522 753 1589 789 quo
1599 742 1706 775 miuus
1716 741 1900 787 quadrage-

150 814 213 837 nos
223 801 330 836 diesin
339 799 468 847 fingulis
479 799 576 848 signis
588 801 763 846 pantaneia
775 800 946 836 stationem
957 796 1221 837 fecerit,restituit
1230 807 1298 828 eam
1311 791 1468 828 summam
1485 790 1611 827 numeri
1621 791 1653 823 in
1663 802 1730 823 uno
1741 788 1832 834 signo
1843 801 1900 821 mo

152 861 218 884 rata
228 874 237 884 .
256 849 347 896 Ergo
357 858 461 883 totam
472 849 698 884 circuitionem
710 849 744 884 in
763 850 850 883 coelo
864 846 1180 899 quadringentesimo
1188 869 1199 883 ‚
1209 848 1242 880 &
1259 838 1466 891 ostogefimo
1485 845 1517 876 &
1528 840 1646 889 quinto
1655 837 1707 873 die
1725 835 1902 885 permensa»

151 900 268 934 iterum
278 897 310 931 in
321 897 355 931 id
371 896 498 944 iignum
511 898 605 937 redit,
615 911 651 932 ex
662 909 730 944 quo
740 896 832 945 signo
844 899 931 946 prius
940 899 1000 931 iter
1011 895 1113 931 facere
1122 894 1234 941 coepit.

201 954 271 982 Hac
275 954 365 994 parte
376 957 434 980 non
447 950 583 982 conuenit
592 953 623 983 V
623 949 675 982 itr.
686 957 753 982 cum
760 947 829 994 alijs
836 969 846 985 ‚
858 947 986 992 &forte
995 948 1025 981 in
1033 953 1121 982 textu
1137 944 1274 978 mendum
1282 940 1322 984 est
1329 967 1339 976 .
1365 939 1485 978 'Plinius
1491 949 1609 986 quoque
1618 938 1669 984 qui
1677 938 1810 982 integras
1809 934 1905 978 schae-

151 996 206 1032 das
215 1008 236 1030 a
244 997 327 1032 Vitr.
340 1003 477 1029 mutuare
477 994 565 1038 solet,
575 994 614 1030 ab
624 994 749 1042 eofitper
756 994 803 1032 his
812 995 941 1040 dissentit
951 1020 960 1030 .
995 996 1089 1031 ‘Ponit
1098 995 1189 1040 igitur
1201 993 1283 1028 Vitr.
1294 990 1444 1026 ‘planetas
1460 989 1527 1033 cogi
1538 987 1706 1032 necessitate
1713 985 1903 1021 commorari,

153 1042 238 1092 ⁶⁰51ss
248 1056 268 1078 a
278 1045 449 1089 necestitate
457 1043 577 1083 liberat,
586 1050 626 1084 &⁴
635 1043 720 1092 quafi
720 1042 837 1087 solutos
853 1044 918 1079 uult
926 1056 975 1080 eos
983 1045 1041 1079 iter
1049 1042 1207 1078 celeritate
1217 1040 1324 1084 cursus·
1331 1049 1448 1088 aquare
1456 1038 1485 1071 in
1497 1035 1557 1071 alio
1562 1034 1647 1081 figno
1655 1057 1666 1074 ‚
1675 1035 1754 1082 quod
1761 1034 1903 1067 morando

81 1101 126 1126 20
153 1096 182 1128 in
191 1094 252 1127 alio
257 1093 397 1137 feceruut
408 1118 417 1127 .
443 1098 515 1140 :Qec
524 1095 652 1128 oflendit
661 1094 737 1127 unde
745 1092 806 1129 haec
813 1094 973 1138 necessitac
979 1091 1238 1142 proficiscatum&
1247 1091 1324 1123 unde
1334 1097 1438 1123 eorum
1448 1083 1577 1120 libertas
1587 1087 1641 1129 (ut
1648 1086 1693 1119 ita
1705 1082 1822 1125 dicam)
1828 1091 1903 1129 pro-

152 1144 265 1177 ueniat.
291 1143 395 1187 Qare
404 1141 478 1176 mihi
485 1143 603 1177 uidetur
613 1141 685 1177 utile
694 1140 793 1176 lumen
800 1141 846 1177 his
854 1143 973 1180 addere,
983 1147 1024 1182 (φ
1032 1152 1082 1175 eos
1084 1139 1170 1187 sequi
1180 1163 1191 1179 ,
1200 1139 1252 1185 qui
1259 1135 1321 1184 post
1327 1143 1359 1173 V
1359 1139 1412 1172 itr.
1420 1131 1607 1176 firmioribus
1607 1132 1814 1176 fundamentis
1819 1129 1904 1166 caele-

146 1190 238 1235 flium
246 1201 344 1224 rerum
346 1188 526 1231 siruft'uram
528 1189 681 1232 stabiliere
687 1214 697 1225 .
722 1190 911 1238 Explicandae
923 1193 1008 1238 prius
1020 1188 1184 1236 igiturfitnt
1193 1186 1267 1222 mihi
1273 1187 1423 1220 nominum
1440 1183 1628 1230 quorundam
1650 1182 1784 1216 rationes
1792 1202 1803 1219 ,
1811 1188 1845 1214 ut
1847 1177 1903 1224 fiz-

153 1238 240 1275 cilius
250 1239 414 1283 uniuersum
423 1248 495 1287 opus
503 1238 688 1282 absoluatur.
712 1240 924 1287 NJminasunt
932 1239 1002 1274 hac.
1011 1236 1178 1286 Epicyclus‚
1189 1235 1344 1279 Deferens,
1354 1233 1557 1268 Eccentricum
1569 1253 1579 1268 ‚
1590 1231 1824 1266 concentricum.
1851 1235 1904 1263 lu-

151 1299 238 1334 gam,
248 1288 601 1335 Antiiugum‚longitudo
611 1290 706 1324 media
714 1291 882 1328 eccentrici‚
892 1288 1043 1334 longitudo
1052 1288 1150 1321 media
1158 1283 1293 1333 epicycli‚
1305 1284 1414 1320 Statio,
1423 1278 1610 1325 Progreffus,
1621 1277 1785 1323 Qgreffitsa
1793 1282 1905 1323 Argu-

156 1345 300 1374 mentum,
313 1341 355 1376 &¹
366 1342 526 1385 Aequam
536 1362 546 1371 .
571 1338 727 1385 Epicyclus
734 1339 836 1383 igitur,
846 1340 898 1385 qui
905 1351 924 1373 a
932 1336 1094 1373 ‘Ptolomaeo
1104 1334 1284 1379 diuerfitatis
1293 1331 1424 1367 circulus
1435 1330 1606 1365 nominatur
1617 1349 1626 1366 ‚
1634 1336 1749 1374 paruus
1759 1325 1797 1368 est
1805 1328 1905 1360 circu-

156 1385 205 1419 lus
213 1386 412 1431 excogitatus‚
422 1395 565 1434 tanquam
573 1387 691 1422 additus
699 1388 806 1422 maiori
815 1387 929 1422 circulo
940 1388 1016 1421 unde
1027 1396 1132 1419 nomen
1142 1382 1260 1419 habuit,
1269 1382 1353 1416 cuius
1360 1382 1442 1415 circa
1451 1378 1674 1413 circinationem
1681 1374 1786 1409 uolunt
1792 1372 1907 1416 Astro—

157 1435 238 1468 nomi
243 1433 496 1482 conuoluijjtderis
505 1444 612 1482 corpus
621 1459 630 1468 .
640 1437 774 1483 Epicycli
781 1445 916 1471 centrum
926 1438 956 1470 in
965 1428 1158 1470 circinatione
1163 1438 1293 1479 ponunt,
1306 1427 1462 1477 quaesjrdus
1470 1434 1524 1461 aut
1534 1423 1696 1472 epicyclum
1704 1424 1800 1468 defert
1809 1425 1906 1457 orien-

156 1491 217 1526 tem
224 1481 334 1526 uerfits,
345 1494 408 1530 quae
419 1485 573 1518 circinatio
581 1484 724 1528 Deferens
738 1483 778 1519 ab
788 1485 882 1531 officio
891 1484 1041 1530 defhrendi
1051 1483 1221 1516 nominatur
1231 1504 1240 1513 .
1251 1480 1334 1514 cuius
1343 1485 1477 1513 centrum
1486 1486 1544 1509 non
1552 1475 1598 1509 eft
1605 1475 1706 1508 eodem
1714 1471 1780 1506 loco
1789 1494 1799 1510 ,
1809 1474 1838 1506 in
1847 1483 1907 1519 quo

157 1531 202 1571 est
210 1539 345 1565 Centrum
354 1530 446 1570 orbis,
457 1533 520 1567 ideo
530 1533 833 1581 Eccentricum‚quafi
840 1543 930 1570 extra
938 1541 1072 1568 centrum
1079 1527 1212 1573 vniuerfi
1227 1528 1347 1564 dicitur,
1356 1524 1602 1574 quemadmodum
1612 1522 1815 1556 concentricus
1826 1519 1908 1555 orbis

90 1592 130 1628 30
156 1580 276 1617 dicitur,
285 1581 368 1614 cuius
380 1581 456 1615 idem
467 1580 550 1616 locus
557 1580 596 1623 esi
605 1605 615 1621 ‚
623 1584 703 1630 quod
711 1583 757 1618 est
765 1583 891 1627 uniuersi
910 1590 1045 1618 centrum
1059 1605 1067 1614 .
1095 1581 1198 1625 Qare
1210 1576 1239 1622 fi
1246 1578 1275 1610 in
1281 1574 1373 1623 plano
1381 1572 1545 1622 epicyclum
1554 1593 1565 1609 ‚
1575 1576 1617 1611 <sy
1625 1571 1758 1615 deferms
1766 1569 1841 1604 uelis
1849 1571 1909 1603 de-

148 1625 295 1671 scribere,
305 1630 347 1662 ita
349 1627 449 1672 ftzcito
451 1629 494 1673 fit
504 1639 638 1666 centrum
649 1637 684 1666 C.
693 1644 712 1665 a
721 1643 780 1679 quo
788 1631 867 1666 linea
876 1631 1104 1668 ducatur‚cuius
1114 1635 1281 1662 extremum
1288 1624 1417 1658 alterum
1419 1622 1463 1668 fit
1471 1633 1490 1656 a
1499 1621 1578 1667 quod
1579 1619 1623 1664 fit
1630 1627 1764 1655 centrum
1773 1616 1911 1665 epicycli»

158 1684 298 1711 manente
306 1682 340 1713 C.
345 1676 448 1719 firmo,
460 1677 662 1722 describantur
672 1682 873 1715 circinationis
888 1680 967 1715 linea
976 1701 986 1717 ,
997 1679 1190 1713 extremitate
1207 1676 1256 1709 aio
1265 1675 1308 1708 ita
1319 1684 1349 1706 m
1361 1671 1453 1720 plano
1463 1668 1649 1716 superficiem
1657 1667 1712 1712 esse
1721 1667 1909 1715 descriptam,

163 1736 226 1774 qua
240 1724 397 1769 deferentis
404 1728 557 1762 circinatio
572 1737 761 1774 nuncupatur
769 1753 778 1767 ‚
789 1730 833 1763 ita
844 1729 896 1763 Sol
904 1728 1077 1775 ecclipticen
1080 1726 1199 1770 format
1207 1745 1218 1762 ,
1229 1733 1292 1770 qua
1299 1730 1444 1769 tanquam
1456 1717 1532 1754 Solis
1541 1717 1673 1762 deferens
1681 1718 1740 1751 dici
1742 1715 1848 1762 potest
1855 1738 1865 1752 2
1874 1727 1910 1748 a·

164 1786 225 1822 qua
233 1774 394 1818 deferent-‘⁴²
401 1774 641 1822 “liOrumsjldersd
658 1775 773 1818 distant,
784 1782 824 1816 &⁸
834 1789 854 1813 a
863 1775 1008 1814 lateribus
1017 1774 1177 1811 declinant,
1186 1778 1227 1812 (φ
1235 1770 1379 1820 ρνοάκίῖα
1388 1769 1491 1805 eadem
1500 1766 1579 1801 linea
1587 1767 1626 1802 ad
1638 1776 1746 1801 cauum
1751 1766 1845 1813 primi
1854 1775 1911 1798 coe-

163 1823 187 1857 li
202 1821 324 1866 eiufilem
341 1825 467 1858 nominis
487 1826 708 1860 circinationem
724 1825 839 1868 descri—

165 1870 223 1906 bit.
253 1876 395 1906 Caeterum
405 1882 540 1907 centrum
550 1873 674 1921 epicycli
679 1873 795 1921 semper
803 1872 842 1914 esl

164 1922 194 1954 in
212 1921 404 1955 circinatione
421 1923 441 1956 d
443 1921 579 1966 eferentis
591 1947 600 1956 .
619 1924 728 1957 circino
747 1924 840 1968 igitur

164 1969 307 2004 collocato
316 1971 347 2002 in
371 1982 402 2004 a.
423 1971 587 2010 &diducto
610 1973 650 2005 ad
649 1971 762 2018 syderis
770 1983 839 2007 cen-

165 2026 248 2052 trum
273 2019 304 2052 d.
333 2019 463 2053 ducatur
479 2021 633 2055 circinatio
642 2042 653 2058 ‚
664 2019 725 2055 haec
734 2022 841 2067 epity—

101 2084 139 2120 4⁰
166 2065 246 2101 clum
248 2065 407 2110 formabit.
427 2074 498 2103 Haec
507 2080 576 2102 cum
595 2070 638 2103 ita
641 2069 715 2113 fint‚
725 2080 783 2103 non
792 2067 841 2110 esi,

165 2116 218 2163 qui
227 2126 285 2149 non
293 2117 393 2150 uideat
400 2116 558 2160 deferentis
577 2123 618 2157 ξφ
637 2117 759 2165 epicycli
774 2119 844 2152 cir—

170 2165 331 2199 cinationes
341 2166 456 2200 dss‘tare
465 2163 505 2199 ab
517 2164 597 2201 orbis
605 2177 708 2201 centro
723 2168 752 2210 f.
777 2168 845 2200 ina-

170 2212 254 2295 quali
262 2215 378 2248 ratione
392 2239 402 2248 .
428 2220 544 2250 ‘Praeter
551 2213 611 2249 haec
621 2215 846 2263 epicycliparti-

194 2272 229 2295 us
247 2261 357 2306 diuersa
367 2265 484 2299 nomina
492 2263 689 2311 imposuerunt
697 2265 846 2299 astrorum

168 2310 262 2357 periti
273 2332 284 2348 2
296 2312 475 2358 respicientes
493 2313 649 2348 interualla
659 2337 668 2353 ‚
680 2311 847 2361 quibusillcc

169 2367 274 2406 partes
282 2371 302 2394 a
319 2368 421 2395 centro
439 2362 540 2396 mundi
555 2363 692 2397 uidentur
713 2360 820 2406 abesJe.

174 2413 250 2442 Cum
257 2409 363 2443 uellent
373 2420 408 2443 ea
417 2407 532 2444 ratione
534 2410 655 2454 seruare
662 2410 773 2448 multa,
783 2421 844 2458 qua
852 2409 937 2445 nobis
944 2418 1091 2457 apparent
1104 2434 1114 2443 .
1143 2411 1224 2444 Hinc
1227 2405 1346 2452 fizttum
1355 2404 1404 2449 esi,
1415 2413 1449 2440 ut
1460 2404 1592 2451 signum,
1603 2405 1683 2452 quod
1690 2406 1720 2438 in
1727 2405 1922 2440 circinatione

174 2457 343 2502 deferentis,
353 2466 407 2492 aut
414 2458 536 2506 epicycli
545 2462 687 2495 remotius
695 2458 733 2502 esi
740 2457 779 2493 ab
791 2458 871 2494 orbis
879 2468 979 2494 centro
987 2481 998 2497 ‚
1012 2460 1112 2504 iugum
1122 2458 1297 2492 uocauerint
1308 2481 1317 2491 .
1328 2453 1458 2492 Barbari
1469 2465 1576 2499 augem
1592 2462 1705 2489 uocant
1713 2475 1723 2491 ,
1735 2453 1897 2498 &fignum
1905 2475 1917 2491 ,

173 2507 252 2553 quod
258 2516 314 2554 per
322 2507 500 2542 diametrum
508 2510 664 2555 opponitur
672 2516 756 2554 lugo,
772 2510 937 2554 antiiugum
944 2506 1031 2556 quasi
1039 2505 1202 2555 oppositum
1211 2507 1280 2551 iugo
1288 2506 1418 2540 dixerim
1427 2528 1436 2538 .
1449 2504 1590 2551 quoniam
1598 2502 1669 2537 uero
1679 2500 1741 2536 Soli
1757 2501 1920 2549 epicyclum

103 2573 147 2611 50
174 2565 232 2588 non
241 2556 356 2593 dedere,
365 2555 548 2603 ideosignum
556 2557 623 2591 illud
631 2557 796 2605 oppofitum
803 2559 872 2602 iugo
889 2557 1049 2600 deftrentis
1058 2578 1068 2593 ‚
1079 2557 1267 2600 ,Antiiugum
1277 2551 1434 2588 uocabitur
1445 2576 1454 2585 .
1463 2558 1569 2596 Iugum
1578 2573 1587 2588 ‚
1598 2552 1761 2585 summitas
1775 2575 1782 2586 ‚
1794 2554 1919 2596 Auges,

172 2601 306 2648 Abfides
314 2606 391 2639 idem
393 2604 563 2652 fignificant
571 2631 581 2640 .
608 2608 772 2652 Longitudo
780 2606 850 2640 uero
860 2607 954 2640 media
963 2606 1119 2639 eccentrici
1129 2605 1175 2638 eft
1188 2604 1340 2637 dimidium
1359 2602 1515 2635 diametri.
1534 2601 1695 2645 Longitudo
1715 2607 1816 2633 autem
1824 2601 1921 2633 media

176 2652 300 2699 epicycli
307 2652 346 2695 est
347 2654 475 2700 spatium
482 2656 680 2702 interceptum
686 2656 763 2689 inter
774 2663 920 2702 utrunque
928 2661 1076 2688 centrum.
1085 2659 1243 2688 Vocantur
1253 2659 1355 2685 autem
1364 2649 1557 2694 longitudines
1565 2649 1664 2682 mediat
1674 2659 1710 2681 ea
1717 2648 1922 2694 ratione‚quo-

177 2702 258 2735 niam
264 2702 367 2747 iugum
378 2725 389 2740 ,
400 2702 588 2749 ideflfignum
597 2701 637 2738 ab
646 2702 727 2738 orbis
738 2712 839 2738 centro
856 2701 1083 2747 remofiffimum,
1094 2702 1245 2747 longitudo
1255 2699 1373 2744 longior
1381 2698 1547 2744 appellatur
1557 2719 1568 2734 ,
1580 2702 1619 2736 (φ
1637 2697 1802 2741 antiiugum
1811 2717 1822 2733 ‚
1834 2696 1863 2728 id
1875 2695 1922 2730 eit

172 2748 290 2796 signum
297 2752 368 2796 iugo
376 2752 540 2798 oppofitum
550 2774 561 2790 ,
571 2751 725 2797 longitudo
734 2750 852 2786 breuior
870 2752 1040 2785 nominatur
1057 2750 1214 2795 deferentis
1222 2774 1233 2787 ‚
1243 2747 1292 2782 uel
1301 2745 1424 2793 epicycli
1434 2770 1445 2780 .
1471 2752 1540 2780 Haec
1548 2747 1605 2780 duo
1607 2744 1693 2790 signa
1704 2743 1775 2786 Junt
1784 2751 1921 2778 extrema

177 2800 263 2832 unius
273 2797 362 2833 lineae.
376 2811 439 2848 qua
444 2809 500 2848 per
508 2811 635 2848 utraque
644 2809 759 2839 centra,
772 2798 1044 2844 defhrentisfcilicet
1055 2821 1066 2837 ‚
1077 2804 1117 2838 (9-
1129 2796 1210 2832 orbis
1219 2798 1338 2831 ducitur
1348 2820 1356 2828 .
1367 2800 1408 2834 (φ
1417 2796 1479 2840 iugi
1484 2794 1563 2828 linea
1572 2801 1700 2828 uocatur
1707 2814 1719 2831 ‚
1727 2794 1867 2839 quoniam
1882 2790 1922 2833 esi

177 2855 322 2895 tanquam
330 2849 421 2883 index
428 2851 555 2883 extremi
561 2851 638 2895 iugi.
647 2851 752 2895 Qare
759 2849 1007 2894 quemadmodum
1014 2850 1044 2881 in
1063 2847 1226 2881 eccentrico
1242 2844 1394 2890 longitudo
1412 2846 1508 2877 maior
1515 2850 1601 2876 tanto
1610 2842 1655 2876 eti
1658 2841 1731 2888 plus
1733 2840 1922 2884 fiemidiame-

177 2905 228 2931 tro
237 2899 405 2935 eccentrici‚
415 2907 563 2944 quantum
571 2897 609 2939 esi
620 2899 747 2945 spatium
757 2900 952 2944 interceptum
962 2897 1038 2930 inter
1046 2904 1193 2941 utrunque
1199 2902 1335 2928 centrum
1345 2893 1408 2926 :ita
1417 2893 1513 2926 minor
1521 2890 1673 2936 longitudo
1684 2888 1722 2931 esi
1731 2898 1816 2925 tanto
1828 2891 1923 2922 minor

178 2944 411 2988 semidiametro,
422 2955 534 2993 quanto
540 2946 608 2993 plus
616 2948 666 2983 illa
674 2948 802 2984 excedit,
806 2946 858 2990 sed
859 2945 1078 2989 semidiameter
1086 2943 1238 2989 longitudo
1248 2943 1342 2977 media
1351 2938 1389 2981 esi
1400 2965 1409 2974 .
1425 2945 1502 2986 Non
1510 2941 1606 2973 minus
1613 2941 1643 2973 in
1650 2938 1781 2987 epicyclo
1791 2937 1922 2982 longitu-

180 2996 218 3030 do
226 2996 322 3028 maior
330 3006 363 3028 eo
374 2996 433 3029 erit
437 2994 509 3042 plus
511 2996 606 3042 spatio
616 2997 694 3030 inter
705 3004 854 3042 utrunque
864 3002 997 3028 centrum
1008 3014 1019 3030 ‚
1032 3001 1175 3038 quantum
1185 2991 1231 3026 eft
1239 2987 1590 3037 epicyclisemidiameter.
1600 2993 1642 3028 «φ
1650 2996 1769 3022 tantum
1777 2985 1816 3020 ab
1826 2987 1926 3019 eodem

109 3051 155 3085 60
175 3044 273 3093 spatio
283 3042 439 3090 longitudo
448 3046 546 3079 minor
549 3042 755 3092 superabitur.
779 3044 866 3081 Vnde
873 3042 999 3090 spatium
1005 3043 1083 3078 inter
1092 3049 1242 3090 utrunque
1249 3047 1384 3075 centrum
1391 3039 1450 3074 erit
1457 3039 1555 3075 media
1566 3036 1732 3084 longitudo.
1740 3046 1809 3069 nam
1817 3035 1927 3127 ratlioni

186 3120 191 3125 ,
1804 3093 1860 3118 con
1872 3093 1923 3116 en-

1480 1926 1501 1949 a
1526 1912 1546 1950 b
1571 1914 1716 1959 deferens.

1482 1977 1511 1999 c.
1539 1964 1696 2010 deferentis
1705 1970 1851 1997 centrum.

1482 2015 1502 2048 d
1525 2024 1552 2046 e.
1579 2010 1738 2059 epicyclus.

1482 2074 1514 2095 a.
1539 2069 1673 2107 centrum
1682 2059 1820 2108 cpicycli.

1476 2111 1506 2155 f.
1532 2109 1634 2144 mundi
1643 2119 1789 2144 centrum.

1482 2171 1514 2194 a.
1541 2161 1641 2204 iugum
1650 2159 1821 2202 defhrentis.

1481 2207 1515 2243 b.
1539 2208 1714 2253 antiiugum.

1480 2259 1512 2293 d.
1537 2258 1641 2303 iugum
1650 2256 1786 2306 epicycli.
