2195 3313
92 564 137 588 10

84 1057 137 1081 '20

92 1540 135 1574 30

85 2026 135 2061 40

90 3003 136 3036 60

800 70 1218 108 PRJMVS.
1857 75 1900 110 27

158 138 263 175 ἂιιιη,
273 136 314 169 ita
326 133 531 173 mollescit,ut
540 133 572 168 in
583 144 680 167 omne
689 144 790 180 genus
802 131 915 166 formae
926 130 1061 167 faciliter
1071 133 1256 172 fiabricetun
1268 136 1395 171 &idem
1415 149 1489 172 cum
1500 138 1598 173 molle
1608 142 1658 178 ,δι
1668 139 1804 174 candens
1816 140 1897 179 est,fi

162 185 375 231 refrigeretur,
386 184 525 217 tintftum
535 182 651 229 frigida
662 181 845 220 redurescit,
855 184 887 215 &
899 179 1112 217 restituiturin
1123 185 1286 231 antiquam
1299 187 1527 231 proprietatem
1539 211 1547 220 .
1577 189 1666 222 Licet
1684 189 1779 222 etiam
1790 190 1898 224 conli-

161 235 269 269 derare
278 234 343 267 haec
355 233 397 266 ita
409 230 478 270 effe,
487 245 525 265 ex
543 244 595 272 eo,
608 231 699 277 quod
710 231 811 265 aestate
822 243 889 264 non
898 227 1003 263 solum
1014 231 1046 263 in
1057 231 1278 276 pestilentibus
1291 234 1438 273 locis,sed
1450 236 1546 269 etiam
1557 237 1588 269 in
1600 235 1775 271 salubribus
1787 238 1901 280 omnia,

161 294 309 328 corpora,
321 282 427 315 calore
437 279 513 314 fiant
522 280 692 317 imbecilla,
702 283 733 313 ὃ(
745 291 799 324 per
809 279 956 326 hyemem
968 279 1063 313 etiam
1085 293 1155 326 quae
1171 280 1242 314 sunt
1260 280 1517 326 pestilentissimae
1536 286 1683 330 regiones
1694 310 1702 324 ,
1713 284 1896 322 efficiantur

161 329 310 365 salubres:
321 330 396 363 ideo
407 329 495 377 quod
506 342 522 362 a
533 327 828 375 refrigerationibus
840 326 1026 362 solidantur:
1038 327 1120 362 Non
1131 330 1237 362 minus
1255 331 1353 363 etiam
1365 331 1453 376 quod
1466 344 1535 376 quae
1546 346 1562 364 a
1573 331 1696 380 frigidis
1707 334 1897 380 regionibus

159 391 300 425 corpora
313 379 522 412 traducuntur
531 379 562 411 in
574 378 688 411 calidas
704 389 772 410 non
782 375 910 423 possunt
921 375 1032 410 durare
1042 398 1052 413 ,
1062 375 1114 410 sed
1126 377 1352 412 dissoluuntur.
1364 391 1433 424 quae
1453 391 1560 413 autem
1576 393 1615 414 ex
1628 382 1738 416 calidis
1750 384 1830 416 locis
1840 381 1899 417 sub

161 427 417 474 septentrionum
428 427 576 473 regiones
587 424 732 470 frigidaS,
744 438 810 458 non
823 424 925 458 modo
934 436 1002 458 non
1014 425 1160 459 laborant
1172 426 1401 460 immutatione
1412 429 1477 461 loci
1490 429 1726 464 ualetudinibus
1738 430 1788 464 sed
1797 432 1911 466 ctiam.

161 475 405 514 confirmantur,
416 488 510 522 quare
520 474 698 508 cauendum
708 472 765 507 effe
777 473 903 509 uidetur
912 473 945 506 in
956 473 1117 508 moeuibus
1127 474 1328 510 collocandis
1338 475 1376 508 ab
1387 475 1422 520 ijs
1433 477 1622 523 regionibus
1655 490 1718 524 que
1737 480 1898 514 caloribus

165 525 262 559 flatus
271 525 310 558 ad
320 536 457 568 corpora
470 523 638 556 hominurn
649 522 776 570 possunt
790 520 946 570 spargere.

215 573 448 620 Philosbphatur
458 579 488 607 V
489 575 540 606 itr.
554 578 595 611 (9-
604 571 707 605 multis
721 573 905 617 argumentis
910 570 1024 618 probat
1033 572 1143 611 calore,
1153 578 1193 613 ψ
1206 574 1373 619 frigiditate
1390 585 1438 607 res
1453 573 1529 621 ipsas
1543 576 1706 613 immutari,
1711 576 1835 624 sumita,-
1849 590 1901 611 ra·

166 626 276 659 tionem
284 621 323 656 ab
334 623 469 655 inanimis
478 619 577 658 rebus,
588 627 628 660 &
635 620 674 655 ab
683 619 838 658 animatis,
849 632 911 667 quae
920 623 1016 655 omnia
1024 621 1253 664 fficillimasunt.
1264 624 1404 669 Sequitur
1411 631 1511 656 autem
1524 626 1601 657 ratio
1611 637 1631 658 a
1640 633 1841 671 temperatura
1851 638 1904 659 cor

163 682 270 720 porum
277 669 448 704 animalium
451 669 570 716 sumpta
579 685 590 710 ;
601 670 670 703 hinc
679 672 790 706 auimn,
798 669 928 716 piscium,
942 669 1153 718 terrestrizimc‘l‚-
1166 670 1338 705 animalium
1346 679 1474 706 naturas
1482 674 1648 707 examinat:
1657 685 1719 721 quae
1727 675 1823 708 omnia
1835 682 1903 708 tan-

167 732 258 769 quam
266 719 468 755 Architetius
477 730 533 751 non
543 727 687 766 tanquam
696 718 846 764 Plifflcus
849 720 1009 765 percurrit.
1020 721 1121 767 Inquit
1127 729 1238 754 autem.
1906 738 1908 740 v

215 770 273 804 NA
281 780 355 809 κω]
363 779 381 800 ε
410 779 446 800 ex
458 767 632 813 principijs„
643 779 712 813 quae
722 767 831 801 Graeci
851 767 958 808 ςοιχεὶσι
977 768 1139 813 appellant
1147 791 1158 806 ‚
1170 769 1278 803 omnia
1290 780 1428 815 corpora
1439 769 1509 806 sunt
1520 769 1712 817 composita,
1721 771 1801 806 idest
1811 773 1902 806 calo-

165 830 199 852 re
209 817 433 854 &11umore,&
444 827 583 853 terren0‚
595 820 626 850 &
636 829 716 855 aere,
726 820 756 851 δι
766 817 813 851 his
824 815 1034 850 mixtionibus
1045 817 1179 850 naturali
1187 828 1400 864 temperatura
1416 818 1598 865 figurantur
1612 821 1762 855 omnium
1782 821 1910 864 anima-v

165 867 244 900 lium
255 867 286 900 in
297 865 420 899 mundo
440 865 615 911 generatim
627 866 803 911 qualitates.
831 866 922 911 Ergo
932 865 964 899 in
974 864 1090 912 quibus
1101 866 1294 911 corporibus
1304 879 1455 910 exuperat
1464 867 1481 902 ὲ
1491 869 1654 915 principiis
1662 869 1841 906 calomnae
1852 871 1903 903 in—.

164 914 296 954 terficit‚
307 912 481 960 dissoluitq;
498 925 609 947 caetera
620 911 766 949 feruore.
795 914 878 948 Haec
891 924 998 948 autern
1010 913 1086 948 uitia
1096 912 1199 948 efficit
1208 913 1370 949 feruidum
1380 915 1418 949 ab
1429 918 1521 951 certis
1538 917 1680 964 partibus
1690 919 1902 956 coelum‚cum

166 963 278 998 insidet
287 964 322 997 iu
331 974 453 1009 apertas
463 974 558 996 uenas
569 960 733 1009 plusquam
744 963 863 1010 patitur
872 962 890 996 ἐ
901 961 1113 997 mixtionibus
1123 964 1255 997 naturali
1265 974 1478 1010 temperatura
1489 978 1608 1011 corpus
1618 991 1627 1000 .
1656 971 1739 1001 Item
1752 965 1772 1000 li
1783 967 1904 1002 humor

165 1013 339 1058 occupauit
356 1023 532 1057 corporum
545 1023 640 1046 uenas
650 1011 838 1059 ,imparesss
848 1024 898 1045 eas
919 1010 1015 1046 fecit.
1029 1023 1141 1046 caetcra
1155 1011 1330 1058 principia,
1340 1022 1375 1045 ut
1385 1025 1401 1045 a
1412 1013 1540 1059 liquido
1550 1026 1713 1060 corrupta,
1724 1016 1902 1053 diluuntur,

164 1065 198 1096 δέ
210 1059 423 1095 dissoluuntur
434 1059 680 1106 compositionis
689 1061 826 1095 uirtutes
836 1086 847 1096 .
875 1063 957 1095 Item
969 1060 986 1093 ὲ
998 1059 1298 1107 refrigerationibus
1311 1060 1456 1094 humoris
1466 1073 1637 1096 uentorum
1649 1066 1679 1097 ὅ(
1694 1076 1842 1098 aurarum
1853 1065 1902 1098 in-

165 1109 348 1145 funduntur
365 1109 442 1142 uitia
450 1108 643 1154 corporibus
657 1122 726 1143 non
739 1110 841 1144 minus
851 1110 942 1148 aeris,
950 1109 1084 1156 etiamc'l,·
1096 1110 1210 1144 terreni
1221 1110 1254 1143 in
1263 1121 1403 1156 corpote
1412 1110 1561 1144 naturalis
1571 1112 1766 1155 competitio
1783 1125 1904 1159 augen-

163 1158 223 1200 do,
233 1169 288 1193 aut
301 1155 626 1192 minuendoinfirmat
636 1169 748 1195 caetera
759 1158 1052 1206 principia,tetrena
1062 1158 1138 1198 cibi,
1148 1158 1578 1206 plenitatc‚aerea‚grauitate
1595 1160 1690 1193 coeli.
1718 1161 1777 1193 Sed
1797 1161 1818 1195 fi
1831 1163 1902 1207 quis

165 1207 307 1243 uoluerit
317 1205 502 1253 diligentius
513 1205 571 1251 hec
580 1203 665 1242 sensu
684 1209 846 1254 percipere
856 1231 865 1247 ,
875 1208 1119 1249 animaduertat,
1130 1206 1308 1255 atteiidatc'i3
1327 1218 1451 1241 naturas
1461 1209 1568 1242 auium
1578 1234 1587 1249 ,
1597 1211 1627 1242 ὃ(
1638 1207 1769 1254 piscium
1780 1230 1790 1245 ‚
1800 1214 1829 1243 δι
1841 1221 1905 1243 ter-

166 1255 313 1290 restrium
321 1254 517 1292 animalium,
526 1257 558 1288 &
571 1255 616 1290 ita
625 1254 838 1291 considerabit
850 1256 1031 1292 discrimina
1043 1267 1264 1302 temperaturae
1275 1280 1285 1291 .
1310 1256 1416 1291 Aliam
1426 1257 1511 1291 enim
1529 1257 1723 1291 mixtionem
1746 1257 1838 1291 habet
1849 1270 1905 1305 ge-

166 1317 229 1340 nus
245 1304 457 1343 auium‚a1iam
464 1301 610 1350 piscium,
622 1305 722 1352 longe
730 1306 823 1339 aliam
842 1303 1034 1340 terrestrium
1047 1306 1230 1340 animalium
1254 1316 1376 1339 natura.
1393 1306 1553 1341 Volucres
1568 1305 1796 1341 minushabent
1807 1317 1906 1339 tetre-

165 1354 221 1392 ni,
230 1354 334 1388 minus
343 1351 500 1387 humoris
512 1352 626 1386 caloris
636 1358 856 1401 temperate,&
865 1355 945 1389 aeris
955 1355 1092 1388 multum
1105 1379 1114 1388 .
1142 1356 1247 1403 Igitur
1262 1354 1438 1388 leuioribus
1456 1355 1620 1401 principiis
1638 1354 1829 1401 compotitae
1838 1378 1848 1393 ‚
1859 1353 1904 1388 fa-

164 1402 258 1437 cilius
267 1402 300 1437 in
310 1401 387 1436 aeris
395 1401 553 1449 impetum
562 1401 728 1438 nituntur:
738 1405 906 1450 Aquatiles
915 1415 1021 1438 autem
1033 1402 1163 1450 piscium
1174 1414 1304 1441 naturae,
1314 1403 1407 1450 quod
1416 1415 1597 1450 temperatae
1606 1402 1676 1438 sunt
1684 1416 1701 1436 a
1710 1404 1825 1446 calido,
1835 1404 1906 1450 plu-

166 1450 283 1484 rimum
293 1461 329 1484 ex
337 1450 457 1484 aeris&
467 1452 581 1485 terreni
593 1449 664 1486 sunt
675 1453 862 1499 compofitae
873 1478 882 1493 ,
893 1452 944 1487 sed
962 1453 1107 1487 humoris
1126 1452 1245 1487 liabent
1263 1453 1388 1500 oppido
1399 1464 1511 1500 parum
1521 1476 1531 1492 ‚
1541 1465 1609 1500 quo
1628 1453 1732 1487 minus
1753 1452 1871 1486 habent
1888 1451 1916 1499 ὲἡ

164 1499 327 1546 principiis
336 1499 523 1535 humorisin
535 1512 694 1548 corpore,
705 1500 826 1538 facilius
837 1504 868 1538 in
880 1502 1017 1538 humore
1028 1503 1223 1550 perdurant.
1250 1506 1365 1549 Itaque
1382 1514 1455 1536 cum
1472 1500 1512 1535 ad
1530 1513 1646 1535 terram
1672 1502 1904 1547 perducuntur,

164 1548 303 1581 animam
315 1561 390 1582 cum
399 1561 481 1596 aqua
491 1549 688 1596 relinquunt.
699 1553 782 1587 Item
801 1552 968 1591 terrestria,
980 1552 1072 1600 quod
1085 1553 1102 1587 ὲ
1113 1552 1275 1600 principijs
1284 1552 1323 1585 ab
1337 1563 1422 1590 aere,
1431 1551 1569 1597 caloreq;
1581 1548 1651 1584 sunt
1662 1561 1836 1595 temperata
1845 1551 1907 1583 mi-

163 1596 258 1644 nusc'p
269 1596 385 1631 habent
395 1598 522 1638 terreni,
531 1599 743 1648 plurimumc'15
753 1601 898 1637 humoris
907 1625 918 1640 ,
929 1602 1020 1650 quod
1028 1602 1192 1636 abundant
1203 1601 1341 1634 humidae
1360 1610 1463 1646 partes
1473 1620 1482 1636 ‚
1495 1611 1561 1632 non
1578 1599 1633 1633 diu
1645 1597 1771 1643 possunt
1780 1599 1813 1632 in
1820 1606 1907 1645 aqua

162 1645 265 1680 uitam
282 1647 382 1680 tueri.
410 1647 502 1693 Ergo
513 1646 534 1681 si
543 1648 608 1682 haec
618 1649 663 1683 ita
671 1650 843 1690 uidentur,
854 1651 1130 1699 quemadmodum
1147 1649 1388 1697 proposuimus,
1397 1652 1429 1682 &
1439 1660 1475 1681 cx
1485 1648 1532 1681 his
1542 1647 1708 1693 principiis
1718 1648 1906 1699 animalium

161 1706 303 1741 corpora
313 1696 493 1742 composita
501 1695 586 1730 sensu
599 1699 805 1744 percipimus,
814 1704 846 1735 &
856 1699 1138 1734 exuberationibus
1147 1725 1157 1739 ‚
1168 1710 1223 1732 aut
1235 1697 1477 1732 defectionibus
1487 1708 1521 1730 ea
1531 1695 1675 1729 laborare
1685 1696 1905 1743 dissoluic'1;in-

161 1741 423 1782 dicauimusmon
441 1743 638 1780 dubitamus,
648 1746 726 1791 quin
737 1748 920 1791 diligentius
930 1747 1028 1793 quaeri
1039 1758 1188 1792 oporteat
1199 1748 1245 1781 uti
1255 1742 1534 1793 temperatissimas
1544 1745 1619 1780 coeli
1639 1746 1789 1793 regiones
1806 1746 1906 1793 eliga-

161 1801 248 1828 mus,
259 1803 333 1824 cum
342 1791 511 1837 ,quaerenda
521 1789 660 1825 fueritin
671 1794 827 1827 moenium
841 1794 1113 1829 collocationibus
1125 1795 1298 1830 salubritas.
1684 1808 1687 1810 ’
1907 1822 1909 1824 -

213 1840 360 1885 Expedita
369 1841 428 1873 iam
438 1838 624 1881 confirmatio
634 1841 692 1878 effi,
702 1847 742 1880 &-
751 1845 983 1887 argumentatio,
999 1845 1028 1876 in
1037 1856 1097 1891 qua
1107 1847 1177 1878 ordo
1185 1845 1333 1879 mirabilis
1342 1846 1388 1879 ei}
1395 1845 1653 1892 uisusJequuntur
1663 1843 1906 1887 itiditiasalubri-

162 1889 240 1921 tatis
247 1887 382 1921 locorum
384 1887 505 1935 fiimpta
513 1887 553 1921 ab
562 1887 765 1931 obseruatione
773 1893 929 1929 maiorum,
938 1903 1028 1939 quam
1037 1904 1156 1939 quoque
1163 1893 1322 1934 confirmat
1331 1893 1466 1940 exemplo
1475 1902 1597 1932 natu-rte,
1614 1896 1708 1942 inquit
1718 1896 1806 1928 enim.

211 1938 253 1969 1·r
261 1947 354 1977 AQE
380 1936 476 1971 etiam
485 1947 581 1981 atque
590 1937 685 1970 etiam
697 1949 840 1973 ueterum
852 1940 1064 1974 reuocandam
1074 1939 1188 1975 censeo
1207 1942 1377 1975 rationem.
1390 1942 1534 1976 Maiores
1543 1944 1629 1976 enirn
1640 1944 1657 1976 e
1667 1942 1837 1989 pecoribus
1847 1943 1909 1976 im-

163 1984 295 2018 molatis
306 1995 396 2031 ‚quae
407 1982 613 2029 pascebantur
622 1986 654 2019 in
663 1988 704 2030 ijs
714 1987 795 2021 locis
806 2012 814 2027 ‚
826 1989 941 2034 quibus
951 1999 1005 2022 aut
1015 1990 1202 2035 oppida‚aut
1213 1989 1311 2025 castra
1322 1988 1433 2024 statiua
1451 1991 1729 2025 constituebantur
1738 2015 1747 2029 ‚
1759 1988 1906 2037 inspicie-

162 2032 241 2067 bant
251 2033 438 2070 iecinora‚&
449 2031 568 2067 sterant
579 2034 676 2068 liuida
687 2059 696 2074 ,
707 2038 740 2069 &
750 2036 866 2071 uitiosa
882 2038 983 2085 prima
994 2060 1003 2075 ,
1015 2038 1313 2074 taliaimmolabant
1323 2062 1332 2078 ‚
1345 2039 1528 2073 dubitantes
1540 2051 1648 2073 utrum
1658 2040 1789 2078 morbo,
1799 2053 1837 2073 an
1849 2052 1904 2085 pa-

161 2080 247 2116 bulis
257 2079 324 2116 laesa
333 2081 442 2119 essent,
452 2094 526 2117 cum
545 2083 690 2128 pluribus
701 2087 822 2131 experti
833 2097 922 2120 erant
934 2111 945 2125 ,
955 2090 986 2120 &
998 2086 1381 2135 probauerantintegtam
1393 2110 1403 2125 ,
1414 2092 1446 2122 &
1463 2086 1596 2121 solidam
1614 2100 1760 2122 naturam
1780 2089 1904 2122 iecino-

165 2141 239 2164 rum
249 2142 286 2163 ex
297 2133 423 2176 aqua,&
441 2130 560 2177 pabulo
570 2155 579 2170 ,
590 2131 634 2165 ibi
646 2132 890 2169 constituebant
898 2136 1097 2170 munitiones
1109 2161 1118 2170 .
1146 2137 1179 2171 Si
1191 2148 1299 2171 autem
1311 2134 1421 2170 uitiosa
1432 2136 1639 2171 inueniebant
1652 2162 1664 2176 ,
1674 2137 1792 2172 inditio
1805 2135 1904 2171 trans-

164 2176 311 2213 ferebant
319 2178 405 2213 idem
418 2179 451 2213 in
461 2180 608 2215 humanis
617 2183 810 2227 corporibus
820 2182 1022 2230 pestilentem
1032 2181 1170 2218 futuram
1181 2185 1360 2219 nascentem
1377 2185 1411 2219 in
1430 2185 1468 2229 ijs
1477 2185 1556 2219 locis
1564 2198 1655 2232 aquae
1665 2210 1675 2224 ,
1686 2186 1785 2231 cibic‘is
1796 2186 1908 2233 copia,

163 2229 197 2261 δε
208 2227 250 2261 ita
261 2226 526 2274 transmigrabant
536 2233 568 2264 &
579 2229 746 2264 mutabant
755 2233 917 2279 regiones,
927 2245 1103 2279 quaerentes
1115 2235 1267 2268 omnibus
1280 2233 1373 2267 rebus
1383 2232 1595 2268 salubritatem
1606 2259 1615 2269 .
1628 2235 1710 2269 Haec
1718 2246 1824 2269 autem
1834 2234 1909 2269 fieri)

164 2276 215 2310 uti
227 2274 344 2322 pabulo
353 2276 463 2324 ciboq3
474 2275 610 2312 salubres
619 2281 830 2325 proprietates
846 2292 935 2315 terrae
955 2282 1140 2319 uideantur,
1151 2284 1226 2316 licet
1233 2282 1488 2317 animaduertere
1497 2306 1506 2322 ,
1516 2286 1548 2317 ὃ(
1568 2281 1765 2331 cognoscere
1773 2296 1809 2318 ex
1819 2284 1908 2330 agris

165 2324 381 2363 Cretensium,
391 2326 447 2373 qui
457 2323 527 2360 sunt
536 2327 618 2361 circa
631 2327 828 2363 Pothereum
837 2328 958 2364 flumen
969 2356 978 2369 ,
990 2330 1080 2377 quod
1091 2329 1135 2364 est
1146 2332 1251 2365 Cretae
1262 2332 1344 2365 inter
1360 2332 1438 2366 duas
1447 2331 1592 2366 ciuitates
1603 2331 1758 2370 Gnoson,
1768 2336 1801 2367 δέ
1809 2333 1906 2366 Gor-

165 2382 273 2417 tynam
284 2398 293 2407 .
304 2373 427 2408 Dextra
436 2376 575 2414 enim,&
585 2374 705 2410 sinistra
715 2377 780 2411 eius
792 2376 932 2413 fluminis
952 2379 1125 2425 pascuntur
1135 2392 1253 2427 pecora
1263 2404 1272 2418 ,
1285 2377 1338 2414 sed
1355 2393 1391 2413 ex
1412 2381 1450 2424 ijs
1459 2403 1468 2419 ,
1480 2393 1550 2427 quae
1569 2379 1739 2429 pascuntur
1757 2381 1910 2428 proxime.

164 2420 324 2461 Gnoson,
334 2421 475 2468 splenem
486 2423 616 2459 habent:
627 2438 697 2471 quae
708 2437 816 2460 autem
825 2439 862 2462 ex
873 2428 969 2462 altera
980 2439 1066 2474 parte
1084 2429 1234 2474 proxime
1256 2429 1443 2474 Gortynam
1453 2451 1463 2466 ‚
1473 2441 1543 2464 non
1561 2429 1681 2464 habent
1697 2432 1904 2478 apparentem

164 2468 323 2515 splenem.
352 2471 445 2506 Vnde
453 2472 550 2506 ctiam
561 2473 675 2508 medici
694 2472 874 2521 quaerentes
885 2477 924 2511 de
933 2489 968 2511 ea
979 2489 1022 2515 re,
1034 2477 1228 2511 inuenerunt
1238 2478 1270 2511 in
1280 2479 1318 2520 ijs
1336 2479 1417 2512 locis
1436 2478 1568 2513 herbam
1580 2502 1590 2517 ‚
1601 2491 1697 2526 quam
1714 2490 1832 2526 pecora
1848 2490 1907 2511 ro-

166 2516 276 2552 dendo
287 2542 296 2558 ‚
308 2519 536 2556 imminuerant
545 2521 643 2556 lienes
653 2543 662 2560 ‚
673 2523 715 2557 ita
725 2536 795 2558 eam
809 2522 938 2560 herbam
955 2526 1145 2573 colligendo
1162 2538 1273 2561 curant
1290 2525 1433 2561 lienosos
1449 2527 1516 2562 hoc
1533 2527 1773 2563 medicamento
1781 2549 1793 2566 ‚
1812 2524 1905 2573 quod

165 2566 261 2600 etiam
279 2568 420 2601 αἴαπλῐωσν
431 2568 599 2605 Cretenses
610 2572 764 2606 uocitant.
1911 2613 1914 2617 .

217 2619 265 2649 Ex
273 2615 339 2655 cibo
347 2626 442 2664 atque
452 2631 533 2664 aqua
551 2623 750 2667 proprietates
758 2622 894 2657 locorum
904 2631 1013 2658 natura
1029 2623 1206 2671 pestilentes,
1215 2635 1271 2660 aut
1274 2624 1413 2669 salubres
1428 2625 1484 2670 ‹effi›
1499 2637 1540 2660 ex
1547 2634 1684 2660 ueterum
1699 2625 1904 2669 obseruatione

167 2660 278 2710 probat
294 2668 375 2700 Vitr.
388 2666 580 2713 Inspiciebant
591 2677 705 2703 ueteres
713 2672 743 2703 in
755 2671 927 2705 animalium
936 2673 1063 2708 iecinora
1071 2673 1354 2718 cumsalubritatem
1371 2674 1431 2708 loci
1445 2674 1606 2721 explorare
1622 2673 1776 2712 uolebant,
1807 2675 1908 2708 nando·

169 2719 226 2744 aut
227 2710 334 2752 emftat
336 2715 384 2748 iua
393 2716 496 2750 castra
506 2715 674 2762 obfidendbs
682 2717 813 2760 hostibus
817 2730 939 2768 ponere,
948 2730 1002 2756 aut
1011 2724 1118 2769 oppida
1126 2724 1234 2757 uellent
1249 2725 1364 2757 munire
1372 2746 1381 2761 ‚
1391 2725 1516 2757 inuentis
1532 2723 1711 2757 iecinoribus
1729 2724 1779 2756 illa
1792 2735 1819 2756 ts
1828 2721 1909 2764 satis,

169 2768 284 2794 certum
294 2759 404 2797 habere
412 2765 545 2799 inditium
548 2765 742 2809 salubritatis
747 2770 826 2803 aeris
832 2767 993 2816 putabant,
1003 2779 1096 2818 atque
1102 2780 1138 2806 ut
1144 2773 1274 2806 iecinora
1282 2783 1323 2807 ex
1328 2771 1449 2819 pabulis
1455 2794 1465 2809 ‚
1475 2774 1519 2808 ita
1523 2770 1638 2818 pabula
1646 2783 1686 2806 ex
1693 2773 1769 2805 aeris
1772 2768 1911 2813 salubris.

169 2816 237 2842 tate
244 2808 480 2854 considerabant;
490 2816 654 2849 maximam
663 2825 764 2851 autem
770 2816 824 2861 effe
843 2816 1026 2865 pabulorum
1036 2841 1047 2857 ,
1057 2825 1099 2859 ἴα·
1113 2831 1196 2867 aqua
1213 2822 1273 2854 uim
1280 2819 1416 2854 naturali
1432 2821 1569 2867 exemplo
1587 2818 1781 2867 comprobat,
1792 2819 1911 2861 utfinis.

163 2865 252 2904 patet
260 2858 413 2906 exemplo,
423 2860 440 2894 ὲ
447 2861 618 2908 quibufiiam
641 2863 716 2899 locis
733 2872 826 2901 Cretae
837 2866 984 2914 desumpto
992 2892 1002 2903 .
1009 2864 1188 2915 Affilenium
1196 2867 1290 2903 herba
1300 2867 1339 2910 esi
1355 2871 1454 2902 vermi
1470 2868 1671 2916 Scolopendrae
1693 2866 1916 2916 quamsimtllif

167 2917 230 2943 ma,
239 2905 361 2950 lienosbs
369 2919 404 2942 ea
413 2912 513 2944 curari
520 2912 590 2946 dicit
597 2919 627 2948 V
628 2915 787 2949 imminuit
795 2916 871 2949 enim
878 2914 961 2950 lienis
969 2925 1114 2951 tumorem
1121 2941 1132 2956 ‚
1143 2920 1231 2952 immo
1240 2922 1281 2956 ἐν
1289 2917 1457 2952 naturalem
1465 2917 1548 2952 lienis
1555 2920 1784 2963 magnitudinem
1791 2917 1831 2949 ad
1838 2925 1906 2948 cam

165 2957 350 3001 paruitatem
359 2958 494 2996 deducit,
504 2967 538 2994 ut
546 2971 625 3000 oues,
634 2973 697 3008 quae
714 2974 768 2998 eas
775 2965 806 3000 in
811 2962 933 3011 pabulis
941 2966 1117 3013 frequenter
1123 2967 1256 3010 firmant,
1265 2966 1341 3000 liene
1349 2978 1452 3001 carere
1468 2968 1626 3001 uideantur
1633 2989 1643 3005 ‚
1653 2976 1740 3000 tanta
1755 2967 1801 2999 uis
1815 2965 1860 2996 eft
1876 2964 1907 2995 in

163 3002 291 3052 pabulo.
300 3007 366 3054 quis
375 3016 446 3046 uero
453 3006 572 3046 dubitat
579 3012 654 3059 quin
662 3023 702 3050 ex
708 3014 797 3060 aquis,
804 3014 895 3050 etiam
902 3024 1084 3062 argumenta,
1095 3027 1168 3061 uera
1177 3014 1413 3061 nonfiimantur?
1425 3023 1506 3059 flac
1518 3028 1636 3063 quoque
1650 3024 1783 3063 tempore
1797 3014 1911 3067 fimf*

1495 3071 1519 3101 c
1572 3076 1589 3098 2
1788 3071 1909 3096 manum
