2241 3318
88 561 131 586 10

80 1062 123 1086 20

70 1557 118 1593 ‚30

68 2048 116 2083 40

69 2536 116 2573 50

71 3041 118 3075 60

853 83 908 129 Ἇζ
940 88 966 118 O
1015 85 1066 129 R
1105 87 1137 118 V
1184 86 1219 119 S.
1838 94 1900 130 301

156 184 161 189 .
194 162 196 165 '
213 158 381 193 centaurus
387 166 458 190 uero
469 163 550 190 tenet
558 155 586 190 in
595 152 733 189 manibus
737 152 952 197 simulachrum
954 154 1040 196 ἂνω,
1039 153 1106 196 fiue
1113 154 1178 200 lupi
1185 176 1195 192 ‚
1201 153 1254 196 seu
1258 153 1426 200 pantheris,
1430 153 1484 197 fleu
1494 155 1618 189 uitiimae
1625 166 1644 189 a
1654 155 1778 189 Chirone
1788 154 1906 196 oblata,

150 210 180 251 ,ξ
189 205 270 240 locus
277 206 406 245 manin}
429 216 486 238 non
496 205 580 239 nouit
589 207 671 240 Vitr.
681 214 822 237 coronam
829 202 995 236 australem
1006 224 1016 239 ‚
1026 215 1117 249 quam
1125 201 1254 237 ‘Procius
1271 205 1441 246 uranifium
1467 206 1619 241 nominat,
1630 216 1691 250 qua
1701 205 1846 238 collocata
1862 207 1908 239 eft

162 263 232 289 ante
235 255 352 300 priores
361 258 380 288 5
381 255 505 299 agitaris
509 254 609 299 pedes,
619 255 696 286 inter
706 250 820 293 ‘Piscem
831 250 1005 291 austrinum,
1016 256 1056 288 (9-
1067 249 1326 296 Thuribulu‚q110d
1333 264 1389 285 ara
1399 254 1520 289 dicitur,
1531 252 1712 295 &sacraria
1723 264 1742 285 a
1754 254 1907 286 nonnullis.

210 306 265 336 AD
294 302 477 347 Virginem,
489 305 519 335 δι
532 302 676 335 Leonem
687 322 697 337 ‚
709 303 739 333 &
753 300 917 333 Cancrum
939 300 1054 344 anguis
1073 300 1242 345 porrigens
1261 312 1376 344 agmen
1398 299 1559 333 stellarum
1580 312 1720 334 intortus
1743 299 1907 347 subcingit

149 352 330 396 ¹regionem
350 351 490 389 Cancri,
500 350 628 396 crigens
637 347 776 383 rostrum
788 348 827 381 ad
838 352 983 381 Leonem
994 369 1004 384 ,
1016 347 1159 394 medioss
1172 359 1310 390 corpore
1328 346 1480 381 sustinens
1498 360 1649 382 craterem
1662 349 1719 388 ‚ad
1738 349 1907 396 manumc'b·

160 399 305 445 Virginis
314 400 447 434 caudam
457 397 638 442 subijciens,
649 398 681 430 in
692 410 754 444 qua
764 396 843 430 inest
853 397 997 430 Coruus.
1048 402 1083 431 ln
1091 408 1164 443 qua,
1174 394 1241 436 idest
1253 398 1282 428 in
1292 408 1352 442 qua
1370 398 1465 430 cauda
1474 396 1541 437 inesl
1561 404 1683 432 Coruus.

151 480 157 486 ,
254 446 338 481 νΑΕ’
353 459 462 482 autem
472 445 562 494 supra
571 445 710 492 scapulas
722 444 870 492 peraeque
879 444 949 478 sunt
966 445 1107 478 lucentia
1118 469 1126 478 .
1141 444 1194 478 Ad
1205 445 1332 490 Anguis
1341 444 1473 477 interius
1486 446 1605 479 uentris
1623 446 1677 480 sub
1695 446 1826 481 caudam
1836 444 1909 480 sub-

149 496 260 533 sieetus
269 495 315 531 est
325 497 507 530 Centaurus
521 520 529 528 .
556 497 649 529 quta
661 495 882 533 Craterem,&
901 495 1046 527 Leonem
1058 495 1145 526 nauis
1153 490 1209 531 est,
1219 505 1289 537 quae
1302 493 1490 526 nominatur
1503 496 1597 539 Argo
1612 516 1620 531 ‚
1630 496 1719 528 cuius
1739 507 1834 541 prora
1843 494 1907 529 ob-.

159 546 312 585 scutatur,
324 545 374 578 sed
388 545 537 581 malus‚&
548 557 617 590 quae
629 541 702 577 sunt
719 543 803 576 circa
814 542 1031 590 gubernacula
1041 541 1219 576 eminentia
1229 539 1699 588 uidentur‚ipl}1c'1;nauicula,&
1712 544 1827 590 puppis
1850 555 1906 590 per

158 593 314 628 summam
333 594 473 628 caudam
485 593 567 626 Cani
579 593 736 638 iungitur.

207 644 242 677 Id
248 642 286 685 esi
295 644 369 678 Cani
376 643 453 676 maio
458 644 566 679 rimam
575 643 610 675 de
618 644 724 675 minori
726 641 828 683 statim
839 641 972 689 loquitur
981 664 990 679 ‚
1001 642 1097 674 maior
1114 647 1216 674 autem
1224 640 1344 687 proprie
1353 640 1441 674 Canis
1458 640 1566 673 dicitur
1575 663 1584 677 ,
1596 638 1689 674 habet
1697 649 1799 674 autem
1815 642 1843 674 in
1854 653 1905 676 ore

150 691 393 737 fulgentiffimam
396 690 520 733 stellam,
530 702 592 737 quae
607 689 769 736 aliquando
777 692 893 724 nomine
900 690 1111 737 totiusffiaderis
1123 697 1250 723 uocatur
1260 687 1523 734 Canis,aliquando
1535 687 1683 725 canicula,
1695 694 1735 727 ζα»
1738 689 1849 736 syrius,
1860 691 1901 724 ad

155 752 247 787 quam
258 753 327 775 cum
335 739 386 775 Sol
404 738 558 783 accefferit
567 738 738 784 duplicatur
745 740 824 773 illius
831 738 926 773 color.
937 740 1033 772 minor
1040 738 1112 772 uero
1125 739 1207 771 canis
1224 747 1357 783 procyon
1367 738 1488 773 dicitur,
1501 742 1541 776 (9²
1549 739 1707 771 anticanis.
1877 769 1880 772 ,

205 790 368 824 Geminos
379 800 486 822 autem
499 786 692 822 minusculus
703 788 801 821 Canis
819 787 959 833 sequitur
968 798 1082 821 contra
1092 786 1206 832 anguis
1217 796 1324 832 caput.
1338 785 1448 819 Maior
1464 785 1542 818 item
1566 785 1709 832 sequitur
1727 787 1903 822 minorem.

156 839 265 872 Orion
277 837 353 873 uero
366 834 556 871 transuersus
568 837 612 871 est
621 835 781 870 subieetns
793 834 911 882 pressus
926 837 1045 883 ungula
1054 835 1166 874 Tauri,
1178 835 1365 871 manulaeua
1375 845 1486 867 tenens
1497 834 1631 873 clauam,
1642 834 1772 868 alteram
1783 834 1820 868 ad
1831 835 1904 869 Ge-

153 887 270 921 mellos
281 887 409 921 tollens.
422 886 532 933 Caput
543 885 621 920 uero
632 885 815 920 eiusbalim.
843 886 942 919 Canis
959 896 1060 932 paruo
1081 883 1256 918 interuallo
1267 879 1412 930 sequitur
1429 882 1574 930 leporem
1589 907 1598 918 .
1650 884 1782 930 intellige
1791 884 1826 918 de
1834 896 1902 918 ma-

155 937 213 970 iori
230 942 253 972 C
253 947 320 971 ane.

199 986 315 1024 Aucti,
326 989 359 1020 &
374 983 512 1032 piscibus
524 985 627 1018 Cetus
637 983 681 1018 est
689 982 860 1024 subustus,
871 996 887 1017 a
897 983 987 1017 cuius
999 981 1090 1017 crista
1098 981 1247 1015 ordinate
1263 979 1405 1029 utrisque
1417 980 1555 1027 piscibus
1569 979 1719 1027 disposita
1738 980 1783 1015 est
1795 982 1901 1016 tenuis

147 1031 235 1068 fufio
243 1033 414 1073 stellarum,
425 1047 488 1081 que
497 1045 598 1081 graece
610 1034 771 1068 uocitatur
780 1033 979 1068 hermidone.
993 1043 1112 1079 magno
1119 1030 1153 1078 (¹1,-
1163 1030 1334 1065 interuallo
1344 1028 1501 1064 introrsus
1510 1027 1630 1076 pressus
1647 1030 1753 1064 nodus
1763 1032 1899 1078 Serpen-

151 1083 232 1116 tium
242 1083 373 1129 attingit
383 1083 539 1117 summam
552 1083 614 1116 ceti
629 1081 768 1117 cristam.

197 1131 327 1174 'pscium
335 1132 408 1178 legit
416 1132 593 1169 Philander,
603 1137 644 1171 (φ
653 1142 710 1165 non
718 1134 913 1178 Serpentium,
922 1133 966 1165 ita
975 1130 1047 1165 mihi
1055 1130 1170 1163 arridet
1179 1128 1278 1166 lectio,
1289 1136 1324 1162 ut
1337 1127 1390 1172 nisi
1412 1129 1540 1162 addatur
1557 1129 1645 1163 dit't'io
1654 1131 1683 1162 in
1694 1130 1813 1163 modum
1822 1134 1900 1163 Ser—-

142 1182 278 1228 pentium
287 1202 298 1218 ‚
307 1180 404 1227 legam
411 1179 592 1225 libentiffime
596 1180 728 1227 piscium,
739 1192 809 1214 nam
819 1182 911 1214 nodus
918 1180 966 1214 ille
971 1179 1094 1226 piscium
1104 1200 1115 1215 ,
1128 1184 1169 1217 (T
1179 1177 1290 1212 lineola
1298 1179 1328 1211 in
1346 1178 1465 1211 modum
1479 1179 1665 1224 Serpentium
1676 1180 1897 1224 intorquentur,

148 1235 190 1268 εἴ]
198 1227 390 1276 replicantur.
405 1241 462 1264 non
470 1238 570 1264 tamen
578 1241 651 1274 nego
657 1229 764 1276 praef'ul
760 1238 881 1276 gentem
894 1229 1022 1265 stellam,
1034 1239 1095 1275 quie
1106 1229 1134 1260 in
1137 1226 1260 1269 summis
1271 1225 1386 1260 lineolis
1398 1227 1571 1272 conspicitur
1579 1248 1588 1263 ‚
1602 1228 1721 1272 nodum,
1733 1226 1898 1270 &studes—

146 1289 216 1311 mon
226 1280 334 1312 uocari
343 1303 352 1311 .
362 1290 425 1326 qua
430 1281 521 1312 etiam
537 1277 706 1313 hermidone
715 1285 756 1319 &⁴
763 1277 949 1322 commiffiira
957 1277 1089 1321 ‘Piscium
1097 1285 1226 1310 uocatur
1235 1287 1254 1308 a
1265 1275 1367 1310 Plinio
1375 1297 1385 1312 ,
1391 1274 1444 1318 fied
1466 1284 1564 1309 totam
1586 1276 1666 1309 illam
1674 1274 1898 1310 aduinculatio-

151 1338 218 1361 nem
229 1327 375 1362 intellexit
383 1326 414 1363 V
415 1329 556 1361 itruuius.

197 1375 327 1409 Eridani
338 1388 395 1423 per
404 1375 538 1422 speciem
550 1374 709 1412 stellarum
720 1376 841 1412 flumen
852 1375 1004 1415 profluit,
1015 1375 1143 1410 initium
1156 1372 1259 1407 fontis
1269 1373 1397 1418 capiens
1407 1387 1422 1407 a
1433 1374 1517 1411 laeuo
1529 1372 1609 1418 pede
1628 1373 1764 1407 Orionis
1774 1396 1783 1407 .
1812 1371 1899 1417 Qae

147 1423 226 1459 uero
241 1424 280 1459 ab
293 1426 440 1472 Aquario
459 1422 550 1458 fundi
561 1437 762 1460 memoratur
771 1418 863 1473 aqua]
878 1424 1014 1472 profluit
1031 1425 1114 1459 inter
1133 1420 1228 1456 Piscis
1247 1422 1373 1456 austrini
1396 1433 1501 1468 caput,
1513 1427 1543 1456 ἃ
1557 1424 1689 1456 caudam
1704 1422 1799 1456 Ceti.

195 1472 267 1515 idest
280 1482 336 1520 per
344 1474 471 1521 speciem
485 1475 698 1520 &imaginem
717 1477 838 1510 Eridani
852 1475 978 1523 profluit
988 1473 1103 1519 fiumen
1112 1471 1278 1515 stellarum,
1289 1473 1373 1505 cuius
1381 1471 1515 1517 fluminis
1528 1472 1600 1515 fons
1618 1473 1722 1518 incipit
1735 1484 1754 1505 a
1766 1470 1899 1518 lieuope-

149 1523 185 1556 de
200 1524 336 1558 Orionis.

195 1570 283 1617 Qae
294 1569 443 1618 figurata,
456 1571 628 1621 formatam
637 1573 708 1609 sunt
717 1573 823 1622 sydera
833 1574 865 1609 in
878 1574 1004 1609 mundo
1013 1572 1198 1608 simulachra
1210 1580 1321 1605 natura
1334 1594 1342 1610 ‚
1355 1568 1498 1616 diuinac'l;
1510 1579 1616 1603 mente
1626 1568 1834 1615 designatamt
1845 1567 1899 1602 De

148 1621 293 1653 mocrito
306 1621 437 1668 physico
448 1622 578 1667 placuit,
590 1622 741 1671 exposui:
753 1622 805 1658 sed
815 1637 849 1658 ea
860 1634 986 1658 tantum
996 1648 1008 1664 ,
1020 1635 1162 1670 quorum
1176 1634 1266 1656 ortus
1277 1643 1288 1658 ‚
1298 1622 1330 1652 δέ
1349 1618 1477 1653 occasus
1488 1616 1651 1665 postumus
1661 1618 1899 1652 animaduerte-

144 1680 189 1706 re,
201 1672 232 1703 &
245 1669 349 1702 oculis
368 1671 535 1705 contueri.
564 1673 705 1720 Nanque
724 1674 773 1707 uti
791 1672 1026 1720 septentriones
1044 1672 1167 1706 circum
1184 1672 1264 1705 Axis
1282 1668 1446 1702 cardinem
1464 1666 1622 1701 uersantes
1639 1679 1706 1700 non
1727 1666 1898 1705 occidunt:

144 1729 251 1764 neque
263 1714 318 1751 sub
329 1729 444 1752 terram
457 1717 603 1758 subeunt,
616 1721 655 1755 fic
666 1726 697 1755 &
709 1723 791 1755 circa
811 1721 1021 1755 meridianum
1032 1720 1194 1755 cardinem
1205 1743 1215 1758 ,
1228 1720 1284 1765 qui
1302 1717 1345 1752 est
1365 1727 1500 1763 propter
1520 1716 1765 1750 inclinationem
1783 1716 1898 1752 mundi

144 1763 304 1800 subiecftus
315 1765 524 1811 teri·ae,syde1·a
535 1768 734 1805 uersabunda
743 1792 753 1807 ‚
765 1769 928 1815 latentiaq;
941 1781 1008 1802 non
1018 1769 1134 1802 habent
1152 1769 1291 1816 cgressus
1310 1767 1452 1800 orientes
1463 1763 1554 1810 supra
1565 1775 1680 1799 terram
1692 1789 1701 1803 2
1712 1764 1823 1810 itaque
1835 1777 1896 1799 <³0-

143 1825 216 1848 rum
226 1813 438 1860 figurationes
449 1827 583 1861 propter
593 1817 784 1852 obstantiam
797 1829 886 1852 terrae
897 1830 965 1852 non
975 1815 1047 1851 sunt
1058 1829 1142 1852 notae
1153 1845 1161 1853 .
1191 1819 1297 1852 Huius
1306 1826 1413 1851 autem
1429 1814 1472 1848 rei
1483 1813 1579 1847 index
1590 1812 1634 1847 est
1646 1813 1730 1847 stella
1751 1813 1895 1860 Canopi,

144 1875 215 1910 quae
225 1864 273 1898 his
293 1865 480 1911 regionibus
491 1863 536 1898 est
546 1867 678 1911 ignota,
690 1867 947 1902 renuntiantibus
964 1868 1224 1912 negotiatoribus
1238 1891 1248 1907 ,
1260 1866 1316 1913 qui
1338 1864 1380 1899 ad
1399 1874 1552 1897 extremas
1570 1862 1714 1910 Aegypti
1736 1863 1904 1910 regiones»

146 1913 348 1960 proximasss
361 1914 484 1947 ultimis
496 1913 616 1948 finibus
627 1927 728 1954 terne,
746 1916 992 1950 terminationes
1005 1910 1145 1950 fuerunt.

194 1961 324 2005 Excusat
326 1961 359 2005 st?
367 1965 473 1997 Vitru.
483 1964 612 2011 reddita,-
630 1966 766 2009 caufizm,
777 1977 831 1999 cur
847 1975 904 1998 non
921 1975 1019 1997 omnes
1030 1964 1160 2010 posuerit
1171 1965 1316 2008 astrorum
1334 1965 1495 2011 imagines,
1506 1962 1752 2011 quemadmodum
1767 1963 1897 2010 peritum

143 2010 344 2044 astronomum
353 2008 489 2047 decebat,
500 2014 553 2057 qui
560 2013 640 2047 nulla
649 2013 818 2061 horizontis
826 2016 942 2048 ratione
949 2012 1066 2051 habita,
1077 2015 1112 2047 de
1113 2014 1268 2061 syderibus
1283 2012 1421 2056 absolute
1429 2011 1564 2059 loquitur
1575 2035 1583 2043 .
1593 2012 1638 2044 ait
1647 2012 1721 2044 enim
1724 2010 1757 2053 ste
1771 2022 1805 2044 ea
1814 2019 1893 2045 tan«-

145 2067 209 2093 tum
215 2059 392 2106 proposuisse
402 2084 412 2099 ‚
423 2071 548 2106 quorum
567 2071 661 2099 ortus,
672 2069 713 2102 &-
722 2063 843 2106 occafiis
848 2061 998 2109 possumus
1014 2064 1251 2098 animaduertere
1260 2086 1270 2101 ‚
1282 2068 1323 2102 &⁹
1339 2061 1433 2096 oculis
1457 2061 1612 2094 contueri.
1631 2057 1684 2102 effe
1699 2058 1770 2093 uei-‹¹›
1789 2058 1895 2107 aliqua

142 2105 269 2143 latentia
272 2107 330 2150 sub
338 2111 457 2145 mundo,
468 2120 529 2155 quae
538 2121 597 2143 non
607 2109 719 2145 habent
727 2111 855 2158 cgreffiis
871 2113 1000 2144 orientes
1003 2110 1094 2156 fitpra
1105 2121 1219 2146 terram
1226 2134 1236 2149 ‚
1249 2110 1370 2153 ostendit
1390 2122 1430 2144 ex
1440 2110 1640 2154 negotiatione
1657 2110 1889 2153 negotiatorum,

144 2158 197 2203 qui
205 2158 244 2190 ad
253 2166 403 2191 extremas
412 2155 493 2191 orbis
498 2167 603 2204 partes
611 2162 761 2194 meridiem
771 2160 869 2203 uerfits
873 2160 960 2202 fuere
971 2184 979 2193 .
1005 2161 1181 2207 Exemplum
1186 2161 1279 2204 fimiit
1289 2172 1308 2193 a
1320 2156 1535 2203 Canoposiella,
1546 2167 1608 2203 quae
1616 2155 1653 2197 esi
1661 2157 1832 2203 insequenti
1840 2169 1891 2191 re-

143 2216 192 2238 mo
203 2207 287 2239 nauis
302 2212 411 2252 Argos
420 2232 429 2240 .
444 2207 556 2240 dicitur
562 2218 663 2242 autem
674 2216 808 2257 Canopus
817 2208 856 2243 ab
865 2207 960 2251 insula
968 2208 1091 2251 eiusdem
1102 2212 1245 2247 nominis,
1254 2207 1310 2242 vbi
1315 2209 1446 2254 primum
1453 2207 1583 2239 innotuit
1593 2229 1601 2238 .
1629 2207 1690 2250 Qi
1707 2205 1746 2240 ab
1763 2205 1893 2241 Arabia

143 2256 305 2300 Azanium
314 2255 418 2298 verfiis
425 2258 455 2289 in
463 2256 614 2291 meridiem
623 2257 799 2297 ambulant,
811 2267 915 2292 contra
926 2263 1076 2304 Canopum
1085 2260 1142 2293 iter
1144 2257 1267 2302 fizciunt
1276 2282 1285 2291 .
1315 2261 1358 2289 Ea
1362 2254 1445 2298 stella
1462 2256 1492 2288 in
1509 2258 1542 2301 ijs
1557 2254 1630 2287 locis
1648 2266 1742 2301 equus
1757 2257 1892 2288 nomina-

143 2310 196 2336 tur
202 2324 213 2339 ,
223 2314 323 2337 eorum
333 2303 434 2349 lingua
443 2303 544 2341 Suhel,
554 2304 623 2347 idest
629 2309 791 2341 incendium
801 2329 810 2343 ,
823 2305 859 2340 ob
870 2308 1100 2351 magnitudinem
1109 2310 1171 2341 eius
1179 2313 1219 2346 (y
1227 2307 1378 2340 radiorum
1386 2303 1605 2338 multitudinem
1616 2327 1625 2336 .
1635 2303 1752 2338 ‘Plinius
1768 2315 1832 2336 eam
1842 2303 1892 2337 lu-

143 2363 212 2388 cere
228 2351 426 2399 Traprobanae
435 2352 530 2395 insulae
536 2353 670 2399 affirmat
681 2381 690 2390 .
720 2356 875 2391 Ptolemaei
893 2364 1026 2402 tempore
1036 2367 1105 2389 cum
1116 2355 1264 2401 gradibus
1282 2356 1473 2389 Geminorum
1506 2364 1558 2398 ¹7·
1585 2358 1626 2391 (ff
1643 2353 1742 2386 decem
1760 2354 1892 2397 minutijs

145 2399 290 2435 currebat
300 2424 309 2439 ‚
320 2403 514 2436 meridianam
531 2401 623 2438 habet
640 2404 831 2439 latitudinem
845 2405 935 2450 grad.
964 2411 1021 2447 75.
1050 2404 1181 2439 declinat
1191 2405 1309 2450 gradus
1338 2414 1350 2444 5
1363 2414 1393 2436 1.
1417 2404 1523 2436 minut.
1554 2413 1565 2434 1
1574 2414 1606 2435 o.
1635 2404 1692 2435 Sed
1709 2400 1892 2447 temporibus

144 2451 255 2484 noflris
261 2450 419 2498 septimum
423 2451 553 2496 gradum
562 2456 670 2488 Cancri
682 2463 820 2500 occupat.
847 2452 934 2488 Italis
943 2455 1093 2498 incognita
1110 2451 1157 2494 esi,
1168 2453 1390 2497 Rhodianorum
1397 2450 1509 2492 finitori
1522 2452 1662 2497 proxima
1673 2472 1681 2486 ‚
1692 2459 1831 2496 quartam
1845 2448 1890 2492 fi-

140 2500 196 2543 gni
205 2508 324 2546 partem
335 2499 483 2546 consurgit
489 2499 723 2541 Alexandrinis,
735 2512 828 2553 atque
836 2505 880 2538 ita
888 2501 981 2538 altius
990 2504 1116 2550 emergit
1124 2503 1293 2538 meridianis
1304 2503 1337 2536 in
1352 2498 1504 2550 partibus.
1521 2498 1620 2545 plures
1636 2508 1738 2534 autem
1754 2504 1889 2545 Canopos

144 2546 212 2591 effe,
222 2550 274 2595 qui
282 2547 456 2595 legunt‚non
465 2551 616 2594 ignorant.

195 2597 256 2631 DF.
268 2598 381 2632 mundi
391 2601 475 2632 circa
487 2609 603 2633 terram
612 2603 838 2649 peruolitantis
849 2627 859 2643 ,
869 2602 1079 2651 duodecimss
1093 2603 1261 2650 lignorum
1272 2625 1282 2641 ‚
1293 2605 1324 2637 &
1337 2599 1586 2647 Septentrionali
1596 2621 1607 2636 ‚
1617 2596 1892 2643 me1=idianaq3par-

145 2656 178 2680 te
189 2644 334 2692 syderum
345 2646 571 2695 dispositione,
584 2661 619 2685 ut
629 2651 665 2685 fit
678 2650 840 2697 perfeetus
850 2653 967 2687 docui.
996 2653 1138 2699 Namque
1148 2664 1183 2686 ex
1198 2665 1230 2686 ea
1242 2652 1353 2685 mundi
1371 2647 1549 2683 uersationc
1560 2669 1570 2685 ,
1581 2651 1611 2681 &
1621 2646 1785 2681 contrario
1805 2645 1891 2678 Solis

145 2707 203 2742 Per
211 2694 300 2743 figna
309 2695 399 2730 cursu
409 2721 419 2737 »
430 2700 671 2747 gnomonumt'p
682 2700 962 2747 aequinoffialibus
980 2701 1114 2739 umbris,
1124 2703 1413 2735 analemmatorum
1425 2697 1632 2731 inueniuntur
1649 2694 1889 2740 descriptiones.

147 2744 273 2778 Caetera
283 2756 320 2778 ex
331 2745 518 2792 Astrologia
528 2768 538 2783 2
548 2758 630 2792 quos
641 2747 773 2784 affeRus
786 2749 921 2784 habeant
931 2749 1017 2796 signa
1027 2749 1213 2788 duodecim,
1228 2748 1321 2782 stellae
1334 2747 1489 2794 quinque,
1501 2745 1566 2781 Sol,
1580 2745 1683 2781 Luna,
1692 2743 1730 2775 ad
1742 2742 1888 2776 humanae

146 2792 222 2826 uitae
233 2794 392 2827 rationem
404 2794 634 2831 Chaldaeorum
647 2799 948 2833 ratiocinationibus
964 2797 1009 2831 est
1028 2798 1273 2832 concedendum
1285 2822 1294 2830 .
1323 2795 1429 2841 QOd
1448 2794 1576 2841 propria
1593 2790 1638 2826 est
1661 2803 1775 2825 eorum
1791 2802 1889 2837 gene·

147 2840 330 2888 thliologiae
343 2843 486 2882 ratio‚uti
503 2842 624 2888 possint
642 2858 715 2881 ante
726 2848 821 2886 faeta,
835 2851 866 2881 δι
878 2847 983 2881 futura
997 2859 1033 2880 ex
1043 2844 1346 2881 ratiocinationibus
1357 2843 1515 2877 astrorum
1527 2842 1692 2887 explicare.

196 2892 257 2926 cic.
268 2891 419 2938 lib.primo
427 2894 461 2926 de
478 2894 656 2930 diuinatione
665 2898 773 2944 inquit.
787 2896 925 2933 chaiani,
935 2897 987 2943 qui
996 2907 1036 2930 ex
1051 2897 1192 2930 diuturna
1210 2893 1414 2936 obseruatione
1425 2891 1563 2939 syderum
1573 2889 1728 2932 scientiam
1742 2897 1889 2936 putantur

145 2938 316 2988 effeciffimtt
321 2941 440 2988 praedici
448 2939 542 2987 poffiet
554 2945 626 2988 quid
635 2947 743 2992 cuique
751 2954 919 2982 uenturum,
931 2950 972 2984 (T
984 2955 1042 2990 quo
1053 2944 1244 2991 quisiluefizto
1254 2951 1343 2976 natus
1351 2940 1429 2984 effet-
1442 2938 1678 2984 Genethliologia
1686 2940 1829 2973 diuinatio
1838 2936 1887 2978 esi,

144 3002 205 3038 qua
212 3000 252 3023 ex
261 2991 422 3023 natiuitate
424 2988 570 3033 successus
578 2995 787 3037 praedicuntur.
796 2999 870 3039 Nos
880 3005 946 3027 eam
950 3000 1070 3039 partem
1080 3005 1099 3026 a
1108 2991 1318 3036 nosirissiudiq's
1327 2989 1542 3024 abdicauimus.

194 3039 326 3073 Eonviu
354 3048 461 3073 autem
472 3039 676 3086 inuentiones
684 3063 696 3081 ,
706 3056 783 3091 quas
793 3041 916 3090 scriptis
929 3041 1127 3087 reliquerunt
1136 3067 1146 3084 ,
1157 3056 1220 3091 qua
1230 3037 1778 3087 solertia‚quibusc'1;acuminibus‚&
1787 3033 1903 3089 quani*

630 3099 638 3106 ‘
1567 3092 1591 3122 C
1600 3091 1623 3121 C
1779 3095 1891 3131 magui
