2241 3318
288 115 356 148 260
873 106 879 112 “
900 113 903 116 ’
1015 109 1057 141 ι·
1087 111 1105 142 ι
1153 111 1177 142 a
1226 111 1251 142 τ,
1293 110 1335 151 R
1368 116 1380 126 ,-

283 191 328 226 &⁴
335 192 462 219 naturas
469 191 616 229 aquarum
626 201 636 217 ,
647 190 726 226 quas
736 186 800 213 tum
809 176 867 226 ipsi·
877 186 1019 226 expertus
1029 179 1075 213 eft
1082 201 1093 216 ,
1104 187 1168 212 tum
1176 174 1216 210 ab
1226 174 1295 222 alijs
1314 176 1421 211 audita
1430 198 1439 215 ,
1452 177 1502 211 uel
1505 176 1622 224 scripta
1630 179 1793 225 cognouit3
1804 179 2035 229 unde-tanquam

278 243 403 281 gratus,
414 239 455 272 (5-
463 231 732 276 trigenuusgratias
741 227 833 262 babet
839 226 1012 262 auctoribus
1020 227 1066 261 his
1080 249 1091 264 ‚
1100 240 1119 261 a
1129 224 1236 274 quibus
1244 224 1361 272 aliquid
1371 226 1475 260 didicit
1483 251 1492 260 .
1504 233 1527 262 C
1528 225 1662 262 oncludit
1671 231 1763 273 igitur
1773 229 1851 264 tales
1859 229 1913 274 effe
1922 236 2039 278 aquam·
2086 231 2089 234 ’

283 282 382 331 qualis
391 290 472 314 terra
481 301 490 316 ‚
496 288 550 325 per
559 289 648 325 quam
651 276 753 322 fluunt
761 276 915 325 ‚qualesd5
935 274 1107 314 herbarum,
1119 286 1196 321 quta
1207 272 1423 315 lauanssfiacci,
1434 280 1475 314 (9·-
1489 278 1634 310 mximam
1647 278 1688 311 ad
1707 276 1850 312 humanos
1862 271 1935 322 usus
1951 291 2034 326 aqua

287 329 485 373 necessitatem
495 325 625 369 ostendit,
637 325 783 372 quodsine
793 337 884 373 aqua,
895 337 948 360 nec
957 334 1066 372 corpus
1076 322 1261 360 animalium,
1272 333 1325 358 nec
1333 322 1393 356 ull-z
1402 322 1462 358 cibi
1473 326 1571 359 uirtus
1575 324 1671 373 potest
1680 325 1760 371 nasci
1767 347 1779 364 ,
1790 337 1843 362 nec
1852 330 1965 374 augeri,
1978 339 2033 365 nec

286 377 465 422 conseruari,
470 377 578 424 postea
588 375 622 408 de
632 377 841 422 experimentis
849 376 927 421 agit.

428 482 522 549 ’De
534 514 773 570 aquarum
800 495 1156 575 experimentis.
1622 497 1734 572 Cap.
1811 497 1871 552 V.

2063 607 2108 637 19

348 638 357 647 κ
378 637 466 667 *ss-gs
483 621 614 657 Xl’ERT
626 632 635 654 1
645 633 738 656 orias
765 631 872 654 autem
885 644 893 658 ,
904 623 935 654 ἃ
946 619 1156 665 probationes
1165 629 1278 654 eorum
1290 616 1329 653 fic
1340 618 1411 654 sunt
1421 619 1674 666 prouidendae.Si
1687 631 1778 655 erunt
1787 620 2032 667 profluentes‚&

454 663 474 719 ἒξ
509 671 610 717 aperti
627 681 797 717 antequam
809 668 883 702 duci
899 669 1092 713 incipiantur
1105 693 1113 708 ,
1123 667 1314 714 aspiciantur
1324 691 1332 706 ‚
1344 669 1489 715 animoq3
1506 669 1733 707 aduertantur,
1744 681 1805 715 qua
1817 671 2033 706 membratura

325 725 336 744 ἢ
381 697 473 778 KQ*
511 718 569 753 {int
579 718 633 765 qui
644 719 726 752 circa
736 729 792 751 eos
803 715 910 754 fontes
922 716 1065 751 habitant
1074 717 1235 751 homines.
1247 715 1289 749 Et
1302 716 1322 750 si
1334 728 1427 751 erunt
1448 717 1640 762 corporibus
1657 717 1836 752 ualentibus
1846 742 1856 758 ,
1865 718 2033 754 coloribus

388 762 474 803 x-§l
510 766 634 804 nitidis,
645 766 790 800 cruribus
802 777 868 799 non
879 764 1012 802 uitiosis,
1022 779 1089 800 non
1102 766 1195 812 lippis
1206 764 1323 804 oculis,
1332 776 1423 799 erunt
1436 765 1648 811 probatissimi
1661 791 1671 801 .
1875 779 1882 804 ζ

333 817 414 861 Quia
425 827 519 853 omne,
532 815 611 863 quod
622 814 709 852 laedit,
721 823 854 861 tempore
861 812 948 851 ladit,
959 820 1000 853 ψ·
1009 813 1126 862 poffimt
1134 815 1271 848 nimirum
1274 817 1401 859 grauius
1411 813 1511 848 laedere
1520 836 1529 852 ‚
1539 826 1601 861 qua
1608 817 1724 850 tardius
1727 815 1906 859 sentiuntur.

333 867 374 898 1τ
383 875 431 898 EM
460 864 480 898 si
490 862 564 898 fons
578 875 684 897 nouus
693 861 790 899 fuerit
800 860 909 901 fomis,
920 863 993 896 &in
1004 876 1056 897 uas
1069 861 1278 899 Corinthium
1287 883 1298 899 ‚
1309 861 1372 896 siue
1383 863 1510 896 alterius
1522 864 1646 910 generis
1655 886 1667 901 ‚
1680 864 1769 910 quod
1782 866 1842 898 erit
1851 876 1887 902 ex
1900 878 1959 900 aere
1969 865 2032 900 bo-

284 925 393 951 n0‚ea
405 925 486 959 aqua
496 909 591 957 sparsa
603 911 759 945 maculam
772 923 841 944 non
861 908 991 949 fecerit,
1004 913 1130 958 optima
1139 912 1198 945 crit
1208 935 1219 945 .
1245 911 1366 958 Itemq‚·
1383 912 1419 944 in
1431 911 1557 950 aheno,
1570 911 1591 945 si
1602 923 1637 946 ea
1659 925 1740 959 aqua
1756 911 1989 953 defetuefa&2‚
1999 918 2032 950 ὅ(

287 961 399 1009 postea
411 960 553 1007 requieta
564 982 574 998 ,
583 963 615 994 &
626 957 732 993 defusa
751 958 858 997 fuerit,
869 972 972 1006 neque
983 961 1015 994 in
1026 961 1092 994 eius
1099 960 1191 994 aheni
1210 958 1314 993 fundo
1330 972 1422 993 arena
1433 984 1442 999 ,
1453 970 1506 994 aut
1516 960 1609 994 limus
1622 961 1802 995 inuenietur
1816 986 1825 1002 ,
1837 975 1871 996 ea
1881 975 1961 1009 aqua
1972 965 2032 997 erit

285 1012 365 1045 item
378 1009 511 1056 probata
521 1032 531 1052 ς
559 1013 641 1043 Item
652 1008 672 1043 si
682 1008 845 1055 legumina
855 1008 886 1041 in
897 1015 951 1045 uas
962 1021 1033 1043 cum
1045 1021 1079 1043 ea
1097 1021 1178 1054 aqua
1189 1009 1335 1052 coniceta
1343 1007 1382 1042 ad
1399 1008 1508 1057 ignem
1519 1008 1619 1054 pofita
1630 1033 1639 1048 ‚
1649 1010 1792 1046 celeriter
1802 1012 1953 1057 percosta
1963 1010 2033 1046 fue-

285 1059 363 1097 rint,
374 1057 563 1092 indicabunt
573 1069 644 1092 eam
662 1069 777 1102 aquam
796 1054 856 1089 effe
866 1055 985 1090 bonam
998 1081 1007 1096 ‚
1018 1057 1217 1092 &salubrem
1234 1081 1243 1091 .
1255 1057 1337 1091 Non
1346 1057 1441 1092 etiam
1460 1057 1568 1090 minus
1585 1056 1647 1104 ipsa
1657 1071 1757 1105 aqua,
1769 1070 1840 1106 quae
1850 1061 1909 1094 erit
1918 1060 1950 1094 in
1960 1058 2032 1094 fon-

285 1118 318 1141 te
328 1129 337 1145 ‚
348 1107 368 1141 si
380 1105 477 1141 fuerit
488 1105 634 1152 limpida,
646 1110 676 1141 &
688 1105 850 1151 perlucida
863 1130 873 1144 ‚
884 1108 915 1139 δέ
927 1118 1123 1153 quocunque
1134 1106 1313 1152 peruenerit
1328 1126 1338 1143 ‚
1347 1116 1402 1139 aut
1413 1104 1619 1151 profluxerit,
1632 1105 1652 1140 fi
1663 1106 1787 1141 muscus
1796 1120 1863 1141 non
1874 1105 2030 1147 nascetur,

285 1167 389 1202 neque
400 1156 524 1193 iuncus,
534 1167 638 1202 neque
649 1155 832 1200 inquinatus
850 1154 891 1187 ab
901 1155 1010 1200 aliquo
1029 1156 1277 1201 inquinamento
1287 1154 1313 1188 is
1324 1155 1416 1190 locus
1427 1153 1594 1194 fuerit‚sed
1607 1168 1718 1202 puram
1728 1154 2029 1204 habueritspeciem,

285 1205 438 1241 innuetur
450 1203 497 1238 his
509 1204 602 1251 signis
612 1201 669 1237 effe
678 1204 792 1240 tenuis,
806 1207 836 1237 &
849 1203 880 1237 in
893 1200 1015 1237 summa
1026 1203 1218 1237 salubritate.
1502 1214 1509 1223 ·
1815 1209 1821 1213 “

337 1259 463 1288 Demum
473 1252 573 1287 colore
584 1251 705 1299 ‚sapore
714 1274 723 1289 ,
735 1250 854 1299 odona,-
864 1263 973 1286 uacare
982 1251 1067 1287 debet
1075 1263 1140 1296 quae
1153 1251 1231 1286 bona
1242 1257 1283 1291 &
1292 1250 1426 1295 salubris
1427 1252 1536 1296 fittura
1547 1251 1584 1295 est
1592 1265 1673 1300 aqua
1682 1276 1692 1292 ‚
1703 1255 1825 1290 immota
1842 1265 1914 1289 uero
1921 1253 2032 1304 ubique

288 1300 457 1347 insalubris,
465 1300 547 1348 siagn
553 1313 608 1335 ans
613 1303 737 1348 pessima
747 1322 758 1339 ,
769 1312 831 1349 qua:
840 1302 965 1338 irudines
974 1300 1041 1340 alit,
1051 1313 1109 1336 non
1117 1303 1301 1336 incommoda
1311 1313 1381 1336 uero
1391 1323 1402 1340 ‚
1411 1299 1464 1336 ubi
1470 1303 1604 1348 anguilla
1606 1302 1735 1346 scatent.

2061 1098 2107 1123 20

363 1417 450 1473 De
454 1408 854 1488 perdudtionibus,
871 1408 1255 1471 &librationibus
1276 1431 1541 1489 aquarum,
1556 1409 1621 1468 Εἴ
1631 1413 1953 1468 instrumentis

631 1487 829 1544 adhunc
841 1487 986 1565 usum.
1391 1494 1500 1566 Cap.
1586 1492 1633 1545 V
1641 1495 1675 1545 l.

298 1628 301 1639 ·
432 1628 444 1638 x
494 1609 579 1643 Vae
607 1607 648 1642 de
659 1606 926 1654 perduffionibus
936 1606 974 1641 ad
985 1606 1200 1643 habitationes
1210 1606 1367 1654 moeniass
1376 1607 1422 1642 uti
1433 1605 1502 1641 fieri
1513 1615 1664 1653 oporteat
1680 1605 1847 1652 explicabo
1856 1628 1866 1644 ‚
1876 1605 1969 1641 cuius
1983 1617 2029 1639 ra-

297 1668 301 1675 ‘
372 1660 388 1690 ἦ
407 1657 410 1660 ”
438 1683 449 1696 .,
506 1658 557 1691 tio
565 1657 609 1691 est
620 1658 719 1703 prima
739 1655 926 1704 perlibratio
935 1683 944 1690 .
975 1656 1124 1690 Libratur
1132 1666 1238 1690 autem
1258 1657 1395 1702 dioptris
1405 1678 1414 1694 ‚
1425 1667 1479 1690 aut
1489 1655 1577 1689 libris
1597 1656 1733 1701 aquarijs
1745 1680 1754 1693 ‚
1767 1666 1821 1689 aut
1840 1655 2032 1695 chorobate,

303 1710 322 1749 J:
339 1749 343 1753 .
391 1736 396 1741 t
441 1692 464 1750 *y
509 1704 560 1740 sed
572 1706 761 1753 diligentius
781 1703 924 1739 efficitur
936 1717 990 1751 per
1007 1704 1218 1739 chorobatem
1227 1727 1236 1743 ‚
1248 1704 1338 1751 quod
1359 1705 1495 1751 dioptrae
1507 1726 1515 1741 ‚
1526 1703 1647 1750 libraec'13
1665 1701 1777 1737 fallunt
1787 1728 1795 1737 .
1824 1703 2034 1738 Chorobates

297 1754 327 1792 ’ἧ
336 1747 462 1785 θεὲ
504 1766 611 1789 autem
627 1753 672 1788 est
683 1754 790 1802 regula
802 1754 899 1800 longa
909 1755 1034 1788 circiter
1046 1755 1165 1801 pedum
1177 1753 1308 1801 uiginti,
1320 1765 1353 1786 ea
1363 1752 1458 1786 habet
1468 1764 1609 1786 ancones
1620 1753 1651 1785 in
1661 1751 1818 1799 capitibus
1829 1752 1978 1787 extremis
1987 1764 2031 1785 ae-

284 1803 372 1850 quali
382 1802 485 1837 modo
493 1801 657 1850 Ρεῐὶεᾶος
667 1826 676 1842 ,
686 1803 752 1850 inq3
763 1802 880 1849 regulae
892 1802 1051 1850 capitibus
1062 1803 1100 1836 ad
1110 1814 1257 1836 normam
1269 1812 1530 1848 coagmentatos‚
1544 1804 1573 1835 &
1585 1800 1669 1834 inter
1679 1801 1832 1847 regulam,
1843 1805 1875 1835 δέ
1888 1812 2032 1834 ancones

283 1865 302 1885 a
313 1850 494 1885 cardinibus
504 1852 671 1898 compaRa
681 1850 914 1889 transuersaria,
925 1864 995 1898 quae
1006 1850 1124 1886 habent
1137 1851 1231 1884 lineas
1246 1850 1284 1883 ad
1306 1850 1572 1898 perpendiculum
1593 1849 1675 1882 τεᾶε
1692 1847 1875 1897 descriptas,
1887 1849 2030 1896 penden-

284 1900 363 1947 tiac'1;
374 1912 410 1934 ex
423 1900 530 1946 regula
543 1899 768 1946 perpendicula
787 1901 818 1934 in
831 1899 961 1947 singulis
972 1899 1113 1946 partibus
1125 1899 1258 1946 singula,
1271 1911 1340 1946 quae
1350 1911 1423 1932 cum
1435 1900 1543 1946 regula
1552 1896 1647 1932 fuerit
1658 1898 1820 1932 collocata
1834 1923 1845 1937 ,
1860 1897 1931 1943 θείῃ
1957 1909 2031 1932 tan-

285 1959 364 1996 gent
374 1947 464 1995 aeque
488 1960 524 1983 ac
535 1950 651 1996 pariter
661 1950 759 1983 lineas
768 1947 1003 1995 descriptionis,
1014 1948 1200 1982 indicabunt
1210 1947 1353 1981 libratam
1366 1948 1621 1983 collocationem
1631 1971 1640 1980 .
1670 1947 1724 1981 Sin
1735 1959 1842 1981 autem
1855 1958 1969 1980 uentus
1980 1947 2031 1979 in-

286 1997 515 2042 terpellauerit,
530 2002 561 2032 &
575 1997 780 2031 motionibus
791 1997 881 2031 lineae
900 2009 965 2030 non
978 1998 1144 2043 potuerint
1153 2008 1271 2030 certam
1283 1995 1551 2043 significationem
1563 1993 1676 2033 facere,
1686 2005 1762 2029 tunc
1772 1995 1885 2030 habeat
1895 1995 1927 2028 in
1938 1994 2029 2041 supe·

284 2046 363 2081 riori
374 2057 461 2092 parte
471 2047 614 2080 canalem
627 2047 762 2093 longum
773 2045 870 2092 pedes
881 2045 1036 2091 quinque,
1050 2046 1149 2080 latum
1161 2044 1312 2092 digitum,
1324 2045 1421 2078 altum
1432 2043 1669 2091 sesquidigitum
1681 2066 1691 2081 ‚
1701 2042 1775 2090 eodp
1787 2055 1867 2089 aqua
1879 2041 2029 2076 infunda-

284 2105 337 2129 tur
349 2117 359 2132 ,
372 2098 402 2129 δι
415 2093 435 2128 fi
445 2095 607 2141 aequaliter
615 2107 695 2142 aqua
706 2095 820 2128 canalis
831 2092 952 2127 summa
966 2093 1044 2128 libra
1055 2104 1165 2141 tanget
1174 2116 1184 2132 ‚
1195 2094 1309 2129 scietur
1319 2091 1377 2127 esl'e
1389 2093 1551 2127 libratum.
1583 2094 1630 2126 lta
1641 2103 1681 2124 eo
1691 2091 1877 2128 chorobate,
1888 2103 1960 2124 cum
1974 2102 2029 2137 per
2056 2088 2104 2123 40

285 2143 439 2177 libratum
461 2144 502 2177 ita
514 2142 609 2177 fuerit
621 2167 630 2183 ,
643 2144 756 2178 scietur
767 2153 924 2188 quantum
935 2141 1080 2176 habuerit
1095 2142 1210 2190 fastigij
1219 2168 1228 2176 .
1259 2140 1410 2176 Fortassis
1421 2142 1475 2188 qui
1493 2140 1697 2176 Archimedis
1715 2139 1813 2173 libros
1832 2139 1911 2187 legit
1921 2160 1932 2176 ,
1943 2139 2028 2173 dicet

285 2203 354 2225 non
365 2190 450 2237 posse
463 2190 531 2226 fieri
542 2204 649 2226 ueram
660 2203 697 2226 ex
707 2204 789 2238 aqua
798 2190 1003 2225 librationem
1016 2215 1024 2230 ‚
1037 2191 1126 2237 quod
1138 2192 1165 2225 ei
1177 2192 1277 2238 placet
1288 2203 1403 2238 aquam
1423 2203 1490 2224 non
1510 2187 1570 2224 effe
1587 2189 1731 2223 libratam
1742 2213 1752 2227 ,
1766 2186 1817 2222 sed
1838 2187 2029 2234 sphaeroides

283 2239 400 2275 habere
411 2238 546 2279 schema,
557 2244 588 2276 &
600 2240 642 2274 ibi
652 2240 769 2276 habere
779 2251 926 2274 centrum
937 2265 946 2279 ‚
959 2240 1100 2287 quoloci
1111 2239 1204 2273 habet
1217 2239 1307 2273 orbis
1326 2250 1479 2273 terrarum
1490 2263 1500 2274 .
1554 2238 1632 2271 Hoc
1650 2248 1755 2271 autem
1767 2241 1780 2280 (
1792 2237 1853 2271 liue
1872 2237 1964 2284 plana
1983 2234 2030 2269 est

284 2299 386 2334 aqua,
400 2286 462 2322 siue
471 2286 682 2334 sphaeroides)
695 2287 812 2323 necesse
824 2287 869 2322 est
880 2300 1019 2323 extrema
1036 2289 1141 2334 capita
1152 2288 1268 2321 canalis
1290 2288 1404 2334 regulte
1426 2288 1542 2333 pariter
1558 2284 1706 2320 sustinere
1715 2298 1843 2331 aquam.
1857 2287 1911 2319 Sin
1921 2292 2034 2319 autem'

285 2337 483 2383 proclinatus
503 2337 561 2371 erit
572 2349 606 2371 ex
618 2350 679 2371 una
697 2348 784 2383 parte
795 2361 804 2376 ‚
815 2349 885 2383 qua:
895 2337 954 2371 erit
963 2337 1058 2371 altior
1069 2361 1078 2377 ,
1087 2348 1152 2370 non
1164 2335 1292 2370 babebit
1303 2337 1418 2383 regulae
1431 2335 1587 2370 canalisin
1596 2332 1725 2369 summis
1745 2334 1841 2368 labris
1851 2345 1980 2381 aquam.
2025 2342 2029 2346 ⁴

287 2383 420 2420 Necesse
430 2385 515 2419 enim
525 2385 570 2419 est
581 2397 777 2431 quocunque
787 2398 867 2432 aqua
878 2384 915 2420 fit
926 2384 1027 2421 infusa
1045 2386 1078 2419 in
1099 2384 1209 2419 medio
1227 2383 1428 2420 inflationem
1440 2408 1449 2424 ‚
1459 2383 1696 2431 curuaturamt'];
1708 2383 1822 2417 habere
1835 2405 1845 2420 ,
1857 2381 1909 2417 sed
1925 2382 2030 2428 capita

286 2434 408 2471 dextra,
417 2446 454 2467 ac
466 2433 584 2468 sinistra
595 2435 675 2468 inter
685 2433 834 2468 selibrata
843 2433 915 2468 effe.
928 2435 1098 2480 Exemplar
1113 2444 1220 2467 autem
1233 2433 1423 2467 chorobatis
1435 2434 1494 2467 erit
1504 2434 1534 2466 in
1546 2443 1695 2466 extremo
1717 2433 1884 2467 uolumine
1902 2427 2028 2464 descri-

287 2494 395 2530 ptum.
407 2483 449 2516 Et
460 2482 481 2516 si
492 2483 550 2516 erit
561 2480 721 2533 fastigium
732 2493 887 2529 magnum
899 2481 1027 2517 facilior
1035 2484 1096 2518 erit
1106 2480 1254 2517 decursus
1265 2495 1367 2530 aquae.
1383 2482 1440 2516 Sin
1460 2493 1567 2516 autem
1584 2481 1748 2515 interualla
1769 2492 1864 2515 erunt
1882 2480 2030 2512 lacunosa

287 2529 579 2567 substrut‘tionibus
590 2532 650 2565 etit
665 2529 924 2565 succurrendum.
2024 2542 2027 2544 ·

289 2596 296 2598 ⁷
338 2586 475 2617 quenta,
487 2585 527 2619 &⁹
536 2579 629 2614 elet't'a
637 2592 728 2628 aqua,
739 2579 847 2623 neceffit
858 2578 894 2621 est
913 2589 948 2614 ut
954 2583 1138 2627 perducatur
1146 2581 1186 2615 ad
1194 2582 1307 2618 moenia,
1320 2586 1360 2620 (θ’
1370 2581 1409 2614 ad
1419 2581 1644 2614 determinatum
1654 2577 1751 2612 locum
1760 2577 1899 2624 :perduci
1907 2588 1977 2610 uero
1987 2577 2024 2611 ηδ
2062 2576 2104 2611 50

284 2630 408 2676 poterit,
418 2627 471 2672 nifi
478 2628 631 2672 descendat
641 2641 722 2676 aqua
731 2652 739 2667 ‚
752 2634 793 2668 (φ
801 2630 944 2662 decurrat
951 2629 1084 2663 naturali
1091 2631 1220 2663 motione
1228 2632 1267 2662 ad
1274 2631 1365 2663 imum
1383 2653 1392 2662 .
1419 2635 1464 2664 Vt
1475 2631 1565 2674 igitm
1574 2628 1630 2661 hoc
1640 2626 2029 2672 reHdexpediaturformas

287 2676 544 2718 instrumentorum
552 2676 688 2720 describit
697 2683 727 2712 V
728 2680 778 2711 itr.
791 2675 899 2725 quibus
908 2680 952 2711 uti
957 2680 1097 2724 possimus
1106 2680 1146 2711 ad
1154 2689 1300 2724 aquarum
1311 2677 1501 2711 librationem
1512 2702 1520 2710 .
1532 2683 1614 2712 [nter
1622 2674 1683 2709 alia
1691 2677 1834 2722 pr.ecipue
1842 2685 1941 2711 unum,
1953 2675 2032 2721 quod

288 2724 471 2767 minusfizllit
480 2748 490 2763 ,
500 2725 584 2772 eligit
593 2748 603 2764 ,
615 2732 656 2766 (φ
665 2724 800 2770 describit
812 2750 822 2760 .
850 2724 976 2763 Librare
993 2728 1085 2771 igitur
1099 2726 1142 2759 nil
1153 2725 1235 2760 aliud
1251 2725 1287 2768 esi
1300 2749 1309 2763 ‚
1320 2726 1408 2772 qua'm
1427 2725 1614 2761 altitudinem
1625 2723 1683 2757 loci
1693 2723 1829 2766 sumere,
1840 2726 1869 2755 in
1882 2735 1939 2770 quo
1950 2734 2031 2768 aqua

288 2775 335 2808 eii
343 2796 353 2811 ,
364 2776 462 2822 cami];
471 2784 645 2821 comparare
655 2797 665 2813 ‚
675 2780 716 2814 &-
727 2775 839 2818 refierre
845 2775 885 2808 ad
893 2776 954 2808 eius
961 2774 1019 2808 loci
1026 2775 1214 2808 altitudinem
1227 2796 1236 2812 ‚
1246 2776 1285 2808 ad
1296 2785 1383 2821 quem
1391 2775 1576 2820 perducenda
1587 2771 1625 2813 cst
1633 2797 1642 2805 .
1671 2778 1743 2807 Cum
1752 2774 1842 2817 igitur
1860 2771 1942 2805 locus
1950 2793 1960 2808 ,
1972 2782 2031 2817 quo

288 2834 370 2869 aqua
380 2823 514 2857 ducenda
524 2821 562 2864 esi
572 2845 582 2860 ‚
593 2824 752 2870 depressior
760 2825 817 2857 erit
826 2822 892 2857 loco
901 2845 911 2860 ,
923 2835 942 2856 a
951 2834 1009 2870 quo
1019 2825 1075 2856 erit
1086 2832 1176 2870 caput
1185 2834 1267 2870 aqua:
1279 2845 1288 2859 ,
1296 2822 1402 2869 procul
1413 2821 1501 2856 dubio
1510 2822 1660 2855 commode*
1666 2822 1845 2868 perducetur
1855 2845 1864 2853 .
1891 2818 2030 2853 Libratur

289 2882 371 2918 aqua
380 2871 513 2916 dioptris,
523 2879 564 2911 (9-
575 2870 660 2906 libris
667 2874 811 2918 aquai-ijs,
821 2877 861 2910 ρ’]-
872 2869 1058 2912 instrumento
1068 2894 1078 2908 ‚
1087 2874 1166 2917 quod
1174 2872 1226 2917 aiij
1235 2869 1419 2905 chorobaten
1428 2878 1539 2903 uocant
1548 2894 1557 2903 .
1585 2876 1745 2904 Geometrae
1754 2871 1829 2916 asic(
1830 2878 1863 2902 ut
1872 2866 2029 2903 ⁸filibertus
2226 2909 2227 2913 Ἰ

290 2919 361 2960 ait)
371 2918 520 2963 affirmant
528 2942 538 2957 ‚
549 2922 628 2967 quod
637 2919 751 2964 filinea
760 2921 842 2957 recia
859 2919 960 2954 orbem
968 2929 1051 2954 terrae
1061 2922 1216 2966 contigerit
1226 2942 1235 2957 ‚
1248 2925 1289 2958 φ’
1305 2920 1345 2953 ad
1365 2920 1441 2952 mille
1454 2918 1554 2964 paffits
1561 2917 1697 2964 protensi:
1703 2919 1810 2961 fuerit,
1820 2916 2028 2952 interuallum5
2226 2918 2228 2957 ζ

314 2967 372 3001 uod
389 2968 445 3000 erit
454 2969 531 3000 inter
538 2967 647 3002 lineam
656 2990 666 3006 ‚
677 2967 872 3008 &ambitum
883 2990 892 3006 ,
904 2967 1035 3015 orberncj5
1046 2978 1129 3002 terra
1137 2980 1194 3002 non
1199 2968 1269 3015 plus
1277 2969 1363 3001 denos
1374 2968 1516 3001 excedere
1526 2968 1632 3013 digitos
1641 2988 1650 3003 ,
1662 2968 1736 3000 unde
1739 2965 1858 3010 fizc'ium
1869 2987 1878 3000 ,
1891 2963 1956 3006 utfi
1965 2965 2032 3010 quis

323 3014 370 3049 lco
377 3026 489 3061 aquam
497 3017 602 3050 ducere
611 3016 694 3053 uelit,
707 3029 786 3064 aqua
795 3027 851 3050 non
859 3026 1016 3051 moueatur
1025 3019 1053 3050 in
1058 3016 1184 3063 singulis
1190 3014 1329 3053 millibus,
1340 3016 1393 3059 nifi
1401 3016 1567 3061 depressiori
1577 3013 1755 3048 libramento
1763 3015 1866 3060 pedem
1874 3014 2030 3057 integrum,

291 3074 384 3112 quam
384 3063 481 3110 fixerit
488 3063 573 3099 locus
580 3086 593 3104 ,
600 3066 679 3099 unde
682 3069 812 3112 primum
812 3064 916 3109 fialcus
919 3065 987 3110 fieri
994 3068 1112 3113 caperit
1122 3088 1133 3107 ‚
1143 3067 1196 3115 qui
1205 3065 1315 3100 tocusa
1327 3066 1400 3101 iuris
1404 3065 1512 3112 peritis
1527 3062 1614 3098 incile
1625 3064 1735 3097 dicitur
1742 3061 1782 3096 ab
1791 3059 1925 3104 incifione
1931 3061 2033 3143 ρνίῑῦια
2065 3061 2112 3094 60

295 3128 304 3135 ·
388 3133 398 3149 J
1974 3121 1983 3142 ²
2006 3121 2039 3147 ἄν

2061 1591 2106 1626 30
